2524 3418
169 2584 226 2616 fol.
243 2582 304 2617 77²

434 321 514 362 194
850 308 1074 350 Commune
1105 305 1276 347 Rentale
1308 304 1624 360 Capellanorum
1655 303 1809 345 ecclesie

548 423 733 465 Summa
756 421 889 464 huius
909 435 964 463 xx
987 435 1008 462 s

549 493 663 534 Item
687 506 764 546 pro
789 492 954 532 Ioanne
978 490 1161 531 Vormet
1184 494 1227 529 et
1249 501 1380 528 vxore
1398 487 1450 528 de
1473 486 1611 528 crofto
1634 487 1856 540 quondam
1879 485 1986 528 dicti
2010 484 2225 528 Iohannis

435 563 615 604 Iacente
638 561 681 602 in
703 561 827 602 suthe
850 573 965 601 nunc
989 572 1065 612 per
1087 571 1167 599 nos
1189 556 1322 599 dauid
1344 556 1583 598 andirsoun
1606 555 1802 598 assidato
2085 569 2142 597 xx
2164 569 2185 597 s
2202 554 2227 579 *

551 632 737 674 Summa
758 629 890 671 huius
911 642 967 670 xx
989 643 1010 670 s

553 701 666 742 Item
690 699 869 741 domino
892 699 1056 740 andrea
1078 711 1186 752 gray
1207 703 1250 739 et
1283 696 1442 738 helena
1464 695 1598 750 gawit
1622 702 1764 738 matre
1793 695 1888 738 eius
1916 709 1994 750 pro
2017 695 2154 737 missa
2175 696 2230 738 de

435 770 614 813 nomine
655 769 781 810 ihesu
823 767 943 810 omni
986 774 1110 809 sexta
1151 766 1258 808 feria
1299 767 1354 808 ad
1395 766 1535 808 altare
1567 766 1709 820 sanctj
1745 764 1976 808 michaelis
2007 766 2060 807 de
2091 764 2231 808 crofto

439 838 621 882 Ioannis
643 837 859 880 collisoun
881 843 1040 878 vocato
1062 836 1091 877 li
1114 836 1214 878 loch
1237 835 1374 877 crofte
2133 847 2190 876 xx
2211 847 2233 876 s

554 908 740 949 Summa
762 905 894 948 huius
915 919 971 947 xx
993 919 1014 948 s

555 976 671 1018 Item
707 990 785 1030 pro
816 974 996 1018 domino
1029 975 1198 1017 Ioanne
1230 973 1406 1028 stirling
1438 987 1516 1028 pro
1553 972 1691 1015 missa
1721 974 1775 1016 de
1810 971 2235 1016 commemoratione

440 1045 583 1100 sanctj
608 1045 790 1100 spiritus
811 1044 1007 1099 qualibet
1028 1044 1160 1087 tertia
1187 1043 1296 1086 feria
1316 1045 1373 1087 ad
1395 1043 1536 1086 altare
1558 1042 1701 1085 sancti
1725 1042 1940 1086 Iohannis
1961 1041 2236 1098 euangeliste

440 1117 493 1158 de
517 1115 657 1157 crofto
679 1115 903 1169 quondam
927 1113 1145 1156 Willelmi
1168 1113 1324 1168 anfray
2166 1125 2237 1154 xvs

557 1185 671 1226 Item
713 1199 791 1239 pro
831 1185 986 1226 eodem
1024 1184 1078 1226 de
1108 1182 1315 1226 omnibus
1350 1188 1394 1224 et
1437 1180 1624 1236 singulis
1659 1180 1789 1224 terris
1828 1187 1872 1223 et
1912 1180 2035 1224 rudis
2074 1179 2237 1224 roberti

441 1254 682 1297 andirsoun
725 1252 918 1296 Iunioris
958 1252 1191 1308 burgensis
1234 1251 1278 1294 in
1322 1253 1538 1306 Inruuery
1579 1252 1761 1294 Iacente
1801 1251 1914 1293 infra
1954 1252 2142 1306 burgum
2184 1251 2239 1294 de

442 1325 659 1379 Inruuery
2152 1321 2194 1378 xj
2219 1335 2240 1364 s

556 1395 743 1437 Summa
766 1392 898 1436 huius
919 1392 989 1448 xxj
1016 1406 1037 1435 s

558 1465 673 1506 Item
705 1477 783 1518 pro
815 1464 970 1506 eodem
1003 1461 1182 1505 domino
1216 1462 1417 1505 Iohanne
1453 1475 1531 1516 pro
1564 1460 1701 1503 missa
1732 1461 1786 1503 de
1816 1461 2241 1505 commemoratione

443 1541 597 1576 sancte
618 1533 833 1576 trinitatis
854 1534 910 1576 ad
932 1533 1071 1575 altare
1094 1532 1238 1575 sancti
1262 1531 1478 1574 Iohannis
1506 1530 1782 1586 euangeliste
1803 1531 1856 1573 de
1877 1538 1995 1574 terra
2016 1533 2241 1587 quondam

444 1605 634 1659 duncanj
670 1604 859 1647 tailzour
889 1618 1006 1646 nunc
1045 1603 1228 1647 Ioannis
1265 1602 1434 1646 arthuri
1463 1616 1516 1644 ex
1552 1602 1740 1644 aduerso
1776 1608 2025 1644 conuentus
2055 1602 2242 1645 fratrum

445 1673 666 1716 minorum
2146 1685 2203 1714 xx
2224 1685 2246 1714 s

561 1742 748 1784 Summa
770 1739 903 1783 huius
924 1754 981 1782 xx
1003 1754 1024 1782 s

563 1811 677 1852 Item
701 1823 778 1864 pro
800 1808 980 1851 domino
1003 1808 1208 1851 duncano
1229 1805 1321 1849 reid
1339 1820 1417 1862 pro
1434 1805 1572 1848 missa
1593 1805 2032 1849 commemorationis
2053 1807 2249 1863 corporis

447 1879 569 1924 cristi
601 1879 722 1923 omni
755 1878 910 1934 quinta
940 1878 1049 1921 feria
1080 1879 1138 1921 ad
1169 1891 1396 1920 summum
1429 1876 1569 1919 altare
1600 1877 1654 1919 de
1684 1882 1801 1919 terra
1833 1877 2057 1931 quondam
2086 1878 2249 1921 andree

450 1950 727 1993 michelsoun
749 1963 885 2004 prope
907 1955 1080 2004 portam
1103 1949 1157 1991 de
1179 1946 1388 1990 schuilhil
2143 1961 2171 1990 x
2192 1945 2251 1996 εἴ

567 2021 681 2062 Item
714 2020 767 2062 de
788 2026 905 2062 terra
939 2017 1122 2062 Ioannis
1153 2017 1266 2061 mair
1296 2017 1341 2060 in
1361 2017 1460 2060 vico
1490 2017 1712 2060 furcarum
1741 2030 1875 2072 quam
1906 2016 2000 2072 ipse
2027 2016 2250 2061 inhabitat

451 2104 530 2146 pro
553 2091 707 2132 eodem
2105 2086 2165 2130 vii
2186 2101 2208 2130 s
2226 2089 2249 2139 Ι

570 2160 685 2202 Item
717 2173 795 2214 pro
826 2159 981 2202 eodem
1013 2159 1067 2201 de
1098 2164 1216 2200 terra
1246 2155 1439 2200 Walteri
1470 2156 1623 2198 thome
1654 2169 1772 2198 nunc
1804 2155 1976 2198 sonnok
2002 2156 2184 2199 Iacente
2205 2155 2250 2198 in

453 2229 551 2272 vico
572 2229 795 2272 furcarum
818 2243 871 2271 ex
892 2227 1158 2271 occidentali
1180 2234 1305 2283 parte
1327 2226 1526 2270 eiusdem
1548 2225 1633 2281 vicj
2181 2240 2210 2268 v
2231 2240 2253 2268 s

572 2299 760 2341 Summa
781 2297 914 2340 huius
935 2297 1021 2352 xxij
1047 2311 1068 2339 s

574 2367 690 2409 Item
713 2380 790 2421 pro
813 2367 981 2408 Ioanne
1006 2378 1159 2420 cromy
1179 2370 1222 2406 et
1246 2377 1379 2406 vxore
1410 2364 1464 2406 de
1494 2368 1591 2404 tota
1612 2367 1655 2404 et
1677 2361 1850 2416 integra
1881 2367 1998 2404 terra
2029 2363 2252 2416 quondam

459 2450 577 2478 nunc
600 2435 930 2490 capellanorum
954 2433 1140 2476 diuersis
1161 2432 1362 2488 personis
1383 2431 1581 2474 assidata
1603 2430 1808 2472 omnibus
1830 2430 1990 2472 annuis
2011 2431 2256 2474 redditibus

463 2506 562 2549 aliis
583 2505 744 2548 debitis
765 2503 966 2546 deductis
988 2510 1029 2546 et
1053 2502 1290 2545 abstractis
1313 2503 1368 2544 ad
1389 2515 1471 2544 nos
1492 2500 1851 2556 peruenientibus
2067 2500 2109 2555 vj
2134 2515 2156 2543 s
2176 2501 2205 2556 ij
2229 2502 2257 2544 d

579 2575 694 2616 Item
710 2587 789 2628 pro
805 2573 974 2616 valtero
996 2572 1191 2615 achneiff
1207 2571 1378 2613 seniore
1395 2571 1449 2613 de
1465 2577 1582 2612 terra
1599 2570 1821 2624 quondam
1844 2570 2006 2611 andree
2029 2569 2257 2613 murisoun

463 2658 581 2687 nunc
603 2643 812 2698 nicholaij
832 2644 1013 2686 baxstar
1029 2643 1073 2684 in
1090 2642 1188 2685 vico
1209 2640 1402 2684 inferiori
1423 2639 1609 2683 ecclesie
1631 2653 1684 2681 ex
1704 2646 1830 2694 parte
1852 2638 2038 2682 australi
2059 2639 2258 2682 eiusdem

463 2729 548 2757 vici
2191 2722 2219 2751 x
2240 2722 2262 2751 s

581 2784 696 2825 Item
719 2784 772 2825 de
792 2789 910 2825 terra
929 2788 1058 2824 vasta
1081 2782 1303 2836 quondam
1326 2779 1492 2836 georgii
1513 2778 1663 2822 valcar
2191 2792 2219 2821 x
2241 2792 2262 2821 s

597 2934 614 2949 ⁵
639 2933 778 2966 Roberti
794 2933 909 2965 cullan
1061 2935 1085 2970 †
1100 2932 1250 2975 Villelmj
1268 2937 1363 2974 patre
1378 2931 1528 2965 cantoris
1682 2932 1697 2973 ξ
1715 2929 1853 2972 Georgij
1871 2927 2134 2962 strauchauchin
