2524 3418
637 311 863 354 Commune
894 312 1067 353 Rentale
1099 311 1419 367 Capellanorum
1440 310 1596 352 ecclesie
1939 313 2019 367 189

1094 457 1144 499 C.

212 537 439 582 Commune
467 538 641 579 Rentale
670 537 990 594 Capellanorum
1017 537 1174 578 ecclesie
1201 537 1293 592 diuj
1319 536 1491 592 nicolaij
1518 536 1564 578 de
1590 535 1782 578 abirdeue
1803 536 1850 577 de
1871 536 2021 578 annuis
2054 544 2111 576 fol.
2134 543 2195 577 761

361 606 586 648 redditibus
608 606 756 648 eisdem
777 606 994 661 infeodatis
1016 610 1061 646 ut
1082 605 1258 647 lucidius
1273 610 1349 661 per
1367 606 1577 660 sequencia
1591 605 1749 661 patebit
1769 609 1825 646 etc
1844 604 1868 628 *

275 687 314 728 N
347 686 501 741 primis
534 700 612 741 pro
641 686 821 728 domino
854 687 1022 727 Ioanne
1051 685 1255 740 kingorin
1286 687 1510 739 quondam
1533 685 1698 727 vicario
1726 686 1778 727 de
1811 685 2020 727 abirdene

331 755 385 795 de
409 754 547 795 crofto
571 755 795 807 quondam
819 753 980 795 roberti
1004 760 1102 807 prat
1126 767 1261 807 prope
1284 754 1591 795 molendinum
1616 753 1855 808 Iusticiarij
1919 768 1946 794 x
1964 768 1984 795 5
1999 755 2024 797 †

331 825 446 865 Item
469 838 547 878 pro
569 825 724 865 eodem
748 825 801 866 de
824 830 942 865 terra
964 823 1138 877 gilbertj
1165 824 1333 865 littstar
1355 824 1399 865 in
1422 824 1520 866 vico
1542 824 1669 866 viridi
1738 824 1798 879 iiij
1825 839 1845 866 5
1869 824 1930 878 iiij
1956 825 1983 866 d
2002 826 2023 875 1

333 892 448 932 Item
481 906 559 945 pro
592 892 747 933 eodem
785 892 838 933 de
875 897 993 932 terra
1029 892 1253 944 quondam
1289 892 1439 934 Iacobi
1469 893 1673 947 kennedy
1704 907 1822 934 nunc
1864 892 2027 934 roberti

213 959 418 1013 kennedy
440 958 484 1000 in
508 961 663 1001 eodem
685 959 784 1001 vico
1886 975 1942 1002 xx
1959 959 2024 1015 d§

330 1028 518 1069 Summa
540 1027 674 1069 huius
695 1027 767 1068 xvi
791 1041 812 1068 5

331 1096 447 1137 Item
480 1109 558 1150 pro
594 1095 775 1137 domino
812 1095 989 1136 roberto
1024 1101 1248 1148 patosoun
1287 1096 1518 1150 capellano
1558 1098 1610 1138 de
1648 1103 1766 1139 terra
1802 1098 2026 1151 quondam

212 1162 379 1218 dominj
404 1163 557 1205 thome
580 1163 747 1218 heruey
768 1177 887 1205 nunc
921 1163 1125 1204 ministro
1149 1170 1308 1205 sancte
1331 1164 1546 1206 trinitatis
1568 1179 1646 1219 per
1668 1180 1749 1207 nos
1771 1166 2028 1220 capellanos

209 1231 332 1273 chori
355 1231 444 1286 diuj
470 1231 648 1286 nicolaij
683 1233 736 1273 de
769 1231 980 1273 abirdene
1012 1238 1055 1272 et
1089 1231 1181 1273 suis
1221 1233 1562 1275 successoribus
1593 1233 1806 1276 infeodati
1846 1236 2028 1277 Iacente

210 1298 256 1340 in
277 1298 376 1341 vico
399 1299 583 1341 nauium
609 1301 741 1341 quta
764 1306 919 1341 sancte
941 1299 1158 1341 trinitatis
1181 1299 1329 1341 locum
1885 1317 1941 1344 xx
1964 1318 1984 1345 5
2007 1305 2021 1356 Η

328 1368 444 1409 Item
468 1382 546 1422 pro
569 1369 725 1410 eodem
749 1369 802 1410 de
825 1368 965 1410 crofto
984 1369 1210 1422 quondam
1229 1367 1459 1410 alexandri
1478 1384 1576 1411 mar
1592 1384 1712 1412 nunc
1731 1371 1913 1413 Ioannis
1931 1386 2029 1413 mar

213 1436 347 1478 quta
370 1436 598 1491 crapstain
1842 1454 1870 1480 x
1892 1455 1913 1481 5
1933 1439 1975 1494 vj
2000 1441 2027 1482 d

327 1506 443 1547 Item
476 1519 554 1560 pro
584 1505 741 1547 eodem
764 1505 818 1546 de
840 1504 980 1547 crofto
1011 1504 1176 1547 roberti
1208 1504 1368 1547 culane
1397 1520 1516 1548 nunc
1551 1506 1735 1548 Ioannis
1764 1507 1922 1549 culane
1945 1508 1989 1563 iij
2007 1522 2028 1549 5

1883 1577 1925 1632 vj
1943 1579 1970 1620 d
1995 1579 2030 1627 ἻῙ

331 1641 520 1683 Summa
542 1640 676 1683 huius
697 1640 846 1696 xxxiiij
873 1655 894 1683 5

331 1710 447 1751 Item
474 1723 552 1764 pro
587 1711 750 1752 Iacobo
783 1709 1018 1752 blinscheil
1052 1711 1105 1751 de
1137 1715 1255 1752 terra
1288 1710 1473 1752 Ioannis
1505 1711 1728 1754 malisoun
1760 1727 1879 1755 nunc
1911 1713 2028 1756 alex-

215 1777 341 1820 andri
363 1792 474 1833 gray
495 1778 668 1820 incolas
689 1777 734 1820 in
760 1778 859 1820 vico
891 1778 1084 1833 inferiorj
1120 1778 1307 1821 ecclesie
1339 1779 1429 1833 diuj
1465 1779 1643 1835 nicolaij
1678 1780 1723 1823 in
1750 1788 1846 1824 toto
1876 1783 1929 1824 de
1952 1782 2028 1825 illa

212 1852 332 1888 terra
1090 1875 1091 1878 =
1563 1872 1569 1878 ·
1866 1850 1907 1905 vj
1934 1865 1954 1893 5
1972 1849 2026 1876 *³⁸*

331 1915 448 1956 Item
480 1928 560 1970 pro
592 1915 748 1957 eodem
777 1915 831 1957 de
863 1921 982 1957 terra
1010 1914 1188 1969 nicolaij
1224 1915 1406 1958 baxstar
1437 1915 1482 1958 in
1514 1918 1671 1959 eodem
1703 1917 1802 1961 vico
1833 1918 2025 1975 inferiorj

212 1982 401 2025 ecclesie
1882 2002 1909 2029 X
1932 2003 1953 2030 S
1973 1990 2028 2033 ††

329 2052 519 2094 Summa
541 2050 674 2093 huius
695 2051 766 2106 xvj
792 2066 813 2093 5

330 2121 446 2162 Item
480 2121 533 2162 de
565 2127 683 2162 terra
720 2120 827 2162 olim
867 2119 1051 2162 Ioannis
1083 2119 1273 2175 gillespy
1309 2135 1387 2175 pro
1426 2122 1595 2163 Ioanne
1627 2122 1819 2178 gillespy
1852 2123 1896 2166 in
1930 2124 2028 2167 vico

210 2190 438 2232 furcarum
461 2203 580 2231 nunc
603 2189 818 2231 heredum
841 2190 1017 2231 Andree
1039 2189 1198 2231 barker
1219 2189 1472 2244 pertinente
1957 2208 1984 2235 x
2007 2208 2027 2235 s

331 2259 521 2301 Summa
542 2257 677 2299 huius
699 2272 726 2299 x
748 2272 769 2298 5

331 2327 447 2368 Item
470 2339 548 2380 pro
571 2326 804 2368 Willelmo
826 2332 945 2368 ratre
968 2326 1021 2367 de
1043 2332 1161 2368 terra
1184 2327 1410 2380 quondam
1433 2327 1574 2382 ipsius
1597 2328 1816 2384 Willelmj
1841 2337 1958 2372 ratre
1981 2330 2026 2373 in

214 2394 313 2437 vico
335 2394 471 2437 castri
494 2408 548 2436 ex
569 2395 737 2437 boreali
759 2401 886 2450 parte
908 2394 1108 2436 eiusdem
1130 2394 1216 2437 vici
1239 2395 1374 2437 castri
1697 2397 1771 2453 xiij
1798 2413 1818 2440 s
1840 2398 1901 2454 iiij
1927 2401 1953 2442 d
1973 2402 2024 2452 Π

528 2497 640 2530 Notae
656 2509 744 2541 quae
760 2504 947 2541 sequuntur
964 2498 999 2529 in
1015 2498 1173 2530 foliorum
1190 2499 1402 2541 marginibus
1418 2505 1498 2532 sunt
1515 2501 1670 2543 scriptae.

504 2562 522 2578 *
540 2563 761 2596 Possessores
777 2570 941 2596 terrarum
960 2563 1227 2605 subscriptarum
1245 2565 1279 2595 in
1297 2575 1388 2597 anno
1405 2565 1534 2598 domini
1551 2568 1735 2611 mlexxvij

506 2618 530 2653 †
548 2617 650 2650 Nunc
667 2618 701 2649 in
718 2619 877 2651 manibus
893 2618 1078 2651 Alexandri
1103 2618 1286 2651 howesone
1304 2620 1447 2653 senioris

504 2673 526 2710 ‡
544 2672 583 2703 In
600 2673 758 2705 manibus
774 2674 904 2706 walteri
922 2674 1053 2706 lowson
1072 2674 1195 2706 andree
1212 2674 1280 2706 dun
1298 2680 1331 2707 et
1350 2676 1514 2709 Iohannis
1532 2677 1626 2709 clark

508 2731 521 2763 ξ
543 2726 582 2757 In
601 2727 759 2759 manibus
778 2728 942 2760 Iohannis
958 2729 1064 2760 fraser
1081 2728 1200 2760 latoun

507 2778 523 2825 Η
546 2780 597 2812 De
613 2792 740 2823 magno
757 2782 856 2814 horto
873 2782 1027 2824 magistri
1044 2782 1167 2814 roberti
1185 2782 1323 2815 charner

505 2836 528 2866 ¹ss
547 2835 693 2866 Walteri
717 2836 852 2867 cullane
1376 2838 1414 2854 st
1434 2839 1573 2871 Arthuri
1591 2846 1744 2881 pantoun

506 2890 554 2926 Η·
571 2889 728 2930 Magistri
746 2890 869 2921 andree
890 2889 1072 2936 auchinlek

505 2945 549 2982 ssss
567 2944 606 2974 In
623 2943 782 2975 manibus
800 2944 964 2977 Iohannis
981 2945 1148 2977 dauidson
1173 2951 1206 2976 et
1223 2945 1347 2978 andree
1364 2948 1450 2990 aedy
