<?xml version="1.0" encoding="UTF-8"?>
<!DOCTYPE html PUBLIC "-//W3C//DTD XHTML 1.0 Transitional//EN"
    "http://www.w3.org/TR/xhtml1/DTD/xhtml1-transitional.dtd">
<html xmlns="http://www.w3.org/1999/xhtml" xml:lang="en" lang="en">
 <head>
  <title>
</title>
<meta http-equiv="Content-Type" content="text/html;charset=utf-8" />
  <meta name='ocr-system' content='tesseract 3.04.00' />
  <meta name='ocr-capabilities' content='ocr_page ocr_carea ocr_par ocr_line ocrx_word'/>
</head>
<body>
  <div class='ocr_page' id='page_1' title='image "./cartulariumeccle01sainuoft_0096.png"; bbox 0 0 2524 3418; ppageno 0'>
   <div class='ocr_carea' id='block_1_1' title="bbox 539 310 2052 365">
    <p class='ocr_par' dir='ltr' id='par_1_1' title="bbox 539 310 2052 365">
     <span class='ocr_line' id='line_1_1' title="bbox 539 310 2052 365; baseline 0 -11"><span class='ocrx_word' id='word_1_1' title='bbox 539 312 593 365; x_wconf 75' lang='lat'><strong>64</strong></span> <span class='ocrx_word' id='word_1_2' title='bbox 831 310 1048 352; x_wconf 79' lang='lat' dir='ltr'><strong>Fundacio</strong></span> <span class='ocrx_word' id='word_1_3' title='bbox 1078 310 1280 352; x_wconf 71' lang='lat' dir='ltr'><strong>Dumana·</strong></span> <span class='ocrx_word' id='word_1_4' title='bbox 1309 310 1486 352; x_wconf 79' lang='lat' dir='ltr'><strong>Scherar</strong></span> <span class='ocrx_word' id='word_1_5' title='bbox 1515 311 1571 352; x_wconf 86' lang='lat' dir='ltr'><strong>ad</strong></span> <span class='ocrx_word' id='word_1_6' title='bbox 1600 311 1730 353; x_wconf 81' lang='lat' dir='ltr'><strong>altare</strong></span> <span class='ocrx_word' id='word_1_7' title='bbox 1761 312 1907 354; x_wconf 78' lang='lat' dir='ltr'><strong><em>Sancti</em></strong></span> <span class='ocrx_word' id='word_1_8' title='bbox 1936 312 2052 354; x_wconf 69' lang='lat' dir='ltr'><strong>Petri</strong></span> 
     </span>
    </p>
   </div>
   <div class='ocr_carea' id='block_1_2' title="bbox 535 423 2343 1178">
    <p class='ocr_par' dir='ltr' id='par_1_2' title="bbox 535 423 2343 1178">
     <span class='ocr_line' id='line_1_2' title="bbox 539 423 2343 479; baseline 0.002 -12"><span class='ocrx_word' id='word_1_9' title='bbox 539 433 581 468; x_wconf 93' lang='lat' dir='ltr'><strong>et</strong></span> <span class='ocrx_word' id='word_1_10' title='bbox 624 425 857 467; x_wconf 88' lang='lat' dir='ltr'><strong>intendant</strong></span> <span class='ocrx_word' id='word_1_11' title='bbox 901 439 978 479; x_wconf 89' lang='lat' dir='ltr'><strong>pro</strong></span> <span class='ocrx_word' id='word_1_12' title='bbox 1019 424 1179 478; x_wconf 88' lang='lat' dir='ltr'><strong>quibus</strong></span> <span class='ocrx_word' id='word_1_13' title='bbox 1219 423 1362 466; x_wconf 89' lang='lat' dir='ltr'><strong>eidem</strong></span> <span class='ocrx_word' id='word_1_14' title='bbox 1405 430 1673 478; x_wconf 89' lang='lat' dir='ltr'><strong>potestatem</strong></span> <span class='ocrx_word' id='word_1_15' title='bbox 1716 432 1759 468; x_wconf 87' lang='lat' dir='ltr'><strong>et</strong></span> <span class='ocrx_word' id='word_1_16' title='bbox 1801 425 2113 470; x_wconf 88' lang='lat' dir='ltr'><strong>auctoritatem</strong></span> <span class='ocrx_word' id='word_1_17' title='bbox 2165 434 2343 472; x_wconf 89' lang='lat' dir='ltr'><strong>nostras</strong></span> 
     </span>
     <span class='ocr_line' id='line_1_3' title="bbox 539 493 2342 550; baseline 0.001 -13"><span class='ocrx_word' id='word_1_18' title='bbox 539 494 864 537; x_wconf 80' lang='lat' dir='ltr'>committimus</span> <span class='ocrx_word' id='word_1_19' title='bbox 895 493 1171 548; x_wconf 82' lang='lat' dir='ltr'><strong>presencium</strong></span> <span class='ocrx_word' id='word_1_20' title='bbox 1203 507 1279 547; x_wconf 90' lang='lat' dir='ltr'><strong>per</strong></span> <span class='ocrx_word' id='word_1_21' title='bbox 1307 500 1505 535; x_wconf 85' lang='lat' dir='ltr'><strong>tenorem</strong></span> <span class='ocrx_word' id='word_1_22' title='bbox 1531 508 1793 549; x_wconf 91' lang='lat' dir='ltr'><strong>quocunque</strong></span> <span class='ocrx_word' id='word_1_23' title='bbox 1822 496 2060 550; x_wconf 89' lang='lat' dir='ltr'><strong>naamandj</strong></span> <span class='ocrx_word' id='word_1_24' title='bbox 2092 502 2134 538; x_wconf 90' lang='lat' dir='ltr'><strong>et</strong></span> <span class='ocrx_word' id='word_1_25' title='bbox 2165 497 2342 539; x_wconf 92' lang='lat' dir='ltr'><strong>distrin-</strong></span> 
     </span>
     <span class='ocr_line' id='line_1_4' title="bbox 539 562 2339 619; baseline 0.002 -13"><span class='ocrx_word' id='word_1_26' title='bbox 539 565 667 619; x_wconf 85' lang='lat' dir='ltr'><strong>gendj</strong></span> <span class='ocrx_word' id='word_1_27' title='bbox 705 564 739 605; x_wconf 89' lang='lat' dir='ltr'><strong>si</strong></span> <span class='ocrx_word' id='word_1_28' title='bbox 774 565 882 605; x_wconf 80' lang='lat' dir='ltr'><strong>sorte</strong></span> <span class='ocrx_word' id='word_1_29' title='bbox 906 571 1103 617; x_wconf 88' lang='lat' dir='ltr'><strong>tempore</strong></span> <span class='ocrx_word' id='word_1_30' title='bbox 1137 562 1179 603; x_wconf 91' lang='lat' dir='ltr'><strong>in</strong></span> <span class='ocrx_word' id='word_1_31' title='bbox 1212 563 1359 604; x_wconf 87' lang='lat' dir='ltr'><strong>futuro</strong></span> <span class='ocrx_word' id='word_1_32' title='bbox 1392 562 1435 603; x_wconf 92' lang='lat' dir='ltr'><strong>in</strong></span> <span class='ocrx_word' id='word_1_33' title='bbox 1470 563 1695 606; x_wconf 82' lang='lat' dir='ltr'><strong>solucione</strong></span> <span class='ocrx_word' id='word_1_34' title='bbox 1721 564 1943 607; x_wconf 89' lang='lat' dir='ltr'><strong>fructuum</strong></span> <span class='ocrx_word' id='word_1_35' title='bbox 1977 571 2052 607; x_wconf 92' lang='lat' dir='ltr'><strong>aut</strong></span> <span class='ocrx_word' id='word_1_36' title='bbox 2087 565 2339 610; x_wconf 85' lang='lat' dir='ltr'>reddituum</span> 
     </span>
     <span class='ocr_line' id='line_1_5' title="bbox 539 631 2339 689; baseline 0.001 -13"><span class='ocrx_word' id='word_1_37' title='bbox 539 648 903 689; x_wconf 89' lang='lat' dir='ltr'><strong>quorumcunque</strong></span> <span class='ocrx_word' id='word_1_38' title='bbox 935 633 1051 675; x_wconf 92' lang='lat' dir='ltr'><strong>dicte</strong></span> <span class='ocrx_word' id='word_1_39' title='bbox 1084 631 1330 686; x_wconf 85' lang='lat' dir='ltr'><strong>capellanie</strong></span> <span class='ocrx_word' id='word_1_40' title='bbox 1363 633 1687 687; x_wconf 88' lang='lat' dir='ltr'><strong>pertinencium</strong></span> <span class='ocrx_word' id='word_1_41' title='bbox 1725 640 1801 676; x_wconf 88' lang='lat' dir='ltr'><strong>aut</strong></span> <span class='ocrx_word' id='word_1_42' title='bbox 1838 634 2056 689; x_wconf 89' lang='lat' dir='ltr'><strong>pertinere</strong></span> <span class='ocrx_word' id='word_1_43' title='bbox 2089 635 2339 678; x_wconf 89' lang='lat' dir='ltr'><strong>valencium</strong></span> 
     </span>
     <span class='ocr_line' id='line_1_6' title="bbox 538 702 2341 758; baseline 0.001 -12"><span class='ocrx_word' id='word_1_44' title='bbox 538 703 867 758; x_wconf 81' lang='lat' dir='ltr'><strong>quomodolibet</strong></span> <span class='ocrx_word' id='word_1_45' title='bbox 911 703 955 744; x_wconf 93' lang='lat' dir='ltr'><strong>in</strong></span> <span class='ocrx_word' id='word_1_46' title='bbox 997 703 1193 744; x_wconf 84' lang='lat' dir='ltr'><strong>futurum</strong></span> <span class='ocrx_word' id='word_1_47' title='bbox 1238 702 1351 744; x_wconf 90' lang='lat' dir='ltr'><strong>tardi</strong></span> <span class='ocrx_word' id='word_1_48' title='bbox 1394 702 1560 758; x_wconf 84' lang='lat' dir='ltr'><strong>ingustj</strong></span> <span class='ocrx_word' id='word_1_49' title='bbox 1605 710 1681 746; x_wconf 90' lang='lat' dir='ltr'><strong>aut</strong></span> <span class='ocrx_word' id='word_1_50' title='bbox 1723 704 1914 758; x_wconf 87' lang='lat' dir='ltr'><strong>neglecti</strong></span> <span class='ocrx_word' id='word_1_51' title='bbox 1954 704 2221 748; x_wconf 90' lang='lat' dir='ltr'><strong>videbuntur</strong></span> <span class='ocrx_word' id='word_1_52' title='bbox 2264 712 2341 748; x_wconf 88' lang='lat' dir='ltr'><strong>aut</strong></span> 
     </span>
     <span class='ocr_line' id='line_1_7' title="bbox 537 773 2340 829; baseline 0.002 -14"><span class='ocrx_word' id='word_1_53' title='bbox 537 774 696 816; x_wconf 85' lang='lat' dir='ltr'><strong>fuerint</strong></span> <span class='ocrx_word' id='word_1_54' title='bbox 730 774 1040 828; x_wconf 90' lang='lat' dir='ltr'><strong>quoquomodo</strong></span> <span class='ocrx_word' id='word_1_55' title='bbox 1074 774 1124 814; x_wconf 91' lang='lat' dir='ltr'><strong>In</strong></span> <span class='ocrx_word' id='word_1_56' title='bbox 1158 787 1344 826; x_wconf 92' lang='lat' dir='ltr'><strong>quorum</strong></span> <span class='ocrx_word' id='word_1_57' title='bbox 1379 773 1577 815; x_wconf 91' lang='lat' dir='ltr'><strong>omnium</strong></span> <span class='ocrx_word' id='word_1_58' title='bbox 1601 780 1643 815; x_wconf 92' lang='lat' dir='ltr'><strong>et</strong></span> <span class='ocrx_word' id='word_1_59' title='bbox 1677 773 1952 829; x_wconf 89' lang='lat' dir='ltr'><strong>singulorum</strong></span> <span class='ocrx_word' id='word_1_60' title='bbox 1975 775 2107 817; x_wconf 88' lang='lat' dir='ltr'><strong>fidem</strong></span> <span class='ocrx_word' id='word_1_61' title='bbox 2139 780 2182 818; x_wconf 89' lang='lat' dir='ltr'><strong>et</strong></span> <span class='ocrx_word' id='word_1_62' title='bbox 2217 775 2340 818; x_wconf 87' lang='lat' dir='ltr'><strong>testi-</strong></span> 
     </span>
     <span class='ocr_line' id='line_1_8' title="bbox 538 842 2339 900; baseline 0.002 -16"><span class='ocrx_word' id='word_1_63' title='bbox 538 844 734 885; x_wconf 88' lang='lat' dir='ltr'><strong>monium</strong></span> <span class='ocrx_word' id='word_1_64' title='bbox 768 843 1084 897; x_wconf 81' lang='lat' dir='ltr'><strong>premissorum</strong></span> <span class='ocrx_word' id='word_1_65' title='bbox 1110 842 1315 896; x_wconf 86' lang='lat' dir='ltr'><strong>Sigillum</strong></span> <span class='ocrx_word' id='word_1_66' title='bbox 1340 850 1542 885; x_wconf 85' lang='lat' dir='ltr'><strong>nostrum</strong></span> <span class='ocrx_word' id='word_1_67' title='bbox 1575 859 1812 887; x_wconf 92' lang='lat' dir='ltr'><strong>commune</strong></span> <span class='ocrx_word' id='word_1_68' title='bbox 1834 844 1937 887; x_wconf 92' lang='lat' dir='ltr'><strong>huic</strong></span> <span class='ocrx_word' id='word_1_69' title='bbox 1969 844 2162 900; x_wconf 89' lang='lat' dir='ltr'><strong>presentj</strong></span> <span class='ocrx_word' id='word_1_70' title='bbox 2189 851 2339 888; x_wconf 90' lang='lat' dir='ltr'><strong>nostre</strong></span> 
     </span>
     <span class='ocr_line' id='line_1_9' title="bbox 536 912 2337 970; baseline 0.002 -15"><span class='ocrx_word' id='word_1_71' title='bbox 536 913 768 966; x_wconf 90' lang='lat' dir='ltr'><strong>donacionj</strong></span> <span class='ocrx_word' id='word_1_72' title='bbox 804 914 920 966; x_wconf 92' lang='lat' dir='ltr'><strong>apud</strong></span> <span class='ocrx_word' id='word_1_73' title='bbox 953 912 1121 954; x_wconf 90' lang='lat' dir='ltr'><strong>dictum</strong></span> <span class='ocrx_word' id='word_1_74' title='bbox 1146 912 1410 967; x_wconf 86' lang='lat' dir='ltr'><strong>magistrum</strong></span> <span class='ocrx_word' id='word_1_75' title='bbox 1444 914 1750 956; x_wconf 88' lang='lat' dir='ltr'><strong>allexandrum</strong></span> <span class='ocrx_word' id='word_1_76' title='bbox 1783 921 1996 970; x_wconf 87' lang='lat' dir='ltr'><strong>perpetuo</strong></span> <span class='ocrx_word' id='word_1_77' title='bbox 2028 929 2337 958; x_wconf 90' lang='lat' dir='ltr'><strong>remansurum</strong></span> 
     </span>
     <span class='ocr_line' id='line_1_10' title="bbox 535 983 2339 1037; baseline 0.002 -14"><span class='ocrx_word' id='word_1_78' title='bbox 535 990 601 1024; x_wconf 91' lang='lat' dir='ltr'><strong>est</strong></span> <span class='ocrx_word' id='word_1_79' title='bbox 624 997 871 1037; x_wconf 91' lang='lat' dir='ltr'><strong>appensum</strong></span> <span class='ocrx_word' id='word_1_80' title='bbox 897 983 1012 1036; x_wconf 93' lang='lat' dir='ltr'><strong>apud</strong></span> <span class='ocrx_word' id='word_1_81' title='bbox 1036 983 1253 1024; x_wconf 90' lang='lat' dir='ltr'><strong>aberdene</strong></span> <span class='ocrx_word' id='word_1_82' title='bbox 1277 983 1466 1025; x_wconf 91' lang='lat' dir='ltr'><strong>Decimo</strong></span> <span class='ocrx_word' id='word_1_83' title='bbox 1489 983 1558 1026; x_wconf 90' lang='lat' dir='ltr'><strong>die</strong></span> <span class='ocrx_word' id='word_1_84' title='bbox 1582 984 1748 1026; x_wconf 84' lang='lat' dir='ltr'><strong>mensis</strong></span> <span class='ocrx_word' id='word_1_85' title='bbox 1765 985 2011 1028; x_wconf 82' lang='lat' dir='ltr'><strong>decembris</strong></span> <span class='ocrx_word' id='word_1_86' title='bbox 2037 999 2153 1027; x_wconf 91' lang='lat' dir='ltr'><strong>anno</strong></span> <span class='ocrx_word' id='word_1_87' title='bbox 2171 984 2339 1028; x_wconf 90' lang='lat' dir='ltr'><strong>domini</strong></span> 
     </span>
     <span class='ocr_line' id='line_1_11' title="bbox 535 1052 1167 1107; baseline 0 -14"><span class='ocrx_word' id='word_1_88' title='bbox 535 1052 772 1094; x_wconf 92' lang='lat' dir='ltr'><strong>millesimo</strong></span> <span class='ocrx_word' id='word_1_89' title='bbox 794 1060 944 1094; x_wconf 84' lang='lat' dir='ltr'><strong>ccccmo</strong></span> <span class='ocrx_word' id='word_1_90' title='bbox 968 1052 1167 1107; x_wconf 61' lang='lat' dir='ltr'><strong>lxxxiiijm</strong></span> 
     </span>
     <span class='ocr_line' id='line_1_12' title="bbox 650 1123 1864 1178; baseline 0.002 -14"><span class='ocrx_word' id='word_1_91' title='bbox 650 1123 838 1164; x_wconf 90' lang='lat' dir='ltr'><strong>Summa</strong></span> <span class='ocrx_word' id='word_1_92' title='bbox 863 1123 1067 1164; x_wconf 90' lang='lat' dir='ltr'><strong>Rentalis</strong></span> <span class='ocrx_word' id='word_1_93' title='bbox 1090 1123 1218 1165; x_wconf 89' lang='lat' dir='ltr'><strong>beate</strong></span> <span class='ocrx_word' id='word_1_94' title='bbox 1242 1123 1379 1167; x_wconf 88' lang='lat' dir='ltr'><strong>marie</strong></span> <span class='ocrx_word' id='word_1_95' title='bbox 1401 1123 1585 1178; x_wconf 86' lang='lat' dir='ltr'><strong>virginis</strong></span> <span class='ocrx_word' id='word_1_96' title='bbox 1607 1139 1633 1165; x_wconf 84' lang='lat' dir='ltr'>x</span> <span class='ocrx_word' id='word_1_97' title='bbox 1655 1124 1684 1165; x_wconf 93' lang='lat' dir='ltr'><strong>li</strong></span> <span class='ocrx_word' id='word_1_98' title='bbox 1708 1131 1750 1166; x_wconf 91' lang='lat' dir='ltr'><strong>et</strong></span> <span class='ocrx_word' id='word_1_99' title='bbox 1773 1125 1815 1166; x_wconf 80' lang='lat' dir='ltr'><strong>xl</strong></span> <span class='ocrx_word' id='word_1_100' title='bbox 1839 1125 1864 1166; x_wconf 90' lang='lat' dir='ltr'><strong>d</strong></span> 
     </span>
    </p>
   </div>
   <div class='ocr_carea' id='block_1_3' title="bbox 532 1225 2339 1631">
    <p class='ocr_par' dir='ltr' id='par_1_3' title="bbox 532 1225 2339 1631">
     <span class='ocr_line' id='line_1_13' title="bbox 650 1225 2339 1281; baseline 0.001 -15"><span class='ocrx_word' id='word_1_101' title='bbox 650 1225 866 1279; x_wconf 79' lang='lat' dir='ltr'><strong>Magister</strong></span> <span class='ocrx_word' id='word_1_102' title='bbox 898 1225 1078 1266; x_wconf 89' lang='lat' dir='ltr'><strong>thomas</strong></span> <span class='ocrx_word' id='word_1_103' title='bbox 1110 1225 1334 1266; x_wconf 85' lang='lat' dir='ltr'><strong>chawmer</strong></span> <span class='ocrx_word' id='word_1_104' title='bbox 1360 1225 1618 1279; x_wconf 89' lang='lat' dir='ltr'><strong>capellanus</strong></span> <span class='ocrx_word' id='word_1_105' title='bbox 1649 1225 1804 1268; x_wconf 88' lang='lat' dir='ltr'><strong>altaris</strong></span> <span class='ocrx_word' id='word_1_106' title='bbox 1833 1227 1961 1269; x_wconf 90' lang='lat' dir='ltr'><strong>beate</strong></span> <span class='ocrx_word' id='word_1_107' title='bbox 1990 1226 2127 1268; x_wconf 91' lang='lat' dir='ltr'><strong>marie</strong></span> <span class='ocrx_word' id='word_1_108' title='bbox 2154 1225 2339 1281; x_wconf 89' lang='lat' dir='ltr'><strong>virginis</strong></span> 
     </span>
     <span class='ocr_line' id='line_1_14' title="bbox 532 1295 2339 1351; baseline 0.001 -14"><span class='ocrx_word' id='word_1_109' title='bbox 532 1295 757 1338; x_wconf 91' lang='lat' dir='ltr'><strong>decorauit</strong></span> <span class='ocrx_word' id='word_1_110' title='bbox 791 1295 959 1337; x_wconf 92' lang='lat' dir='ltr'><strong>dictum</strong></span> <span class='ocrx_word' id='word_1_111' title='bbox 992 1296 1131 1337; x_wconf 88' lang='lat' dir='ltr'><strong>altare</strong></span> <span class='ocrx_word' id='word_1_112' title='bbox 1163 1310 1263 1337; x_wconf 92' lang='lat' dir='ltr'><strong>cum</strong></span> <span class='ocrx_word' id='word_1_113' title='bbox 1297 1297 1468 1338; x_wconf 92' lang='lat' dir='ltr'><strong>duobus</strong></span> <span class='ocrx_word' id='word_1_114' title='bbox 1500 1297 1813 1351; x_wconf 92' lang='lat' dir='ltr'><strong>dependenciis</strong></span> <span class='ocrx_word' id='word_1_115' title='bbox 1840 1297 2044 1339; x_wconf 89' lang='lat' dir='ltr'><strong>videlicet</strong></span> <span class='ocrx_word' id='word_1_116' title='bbox 2074 1297 2339 1340; x_wconf 88' lang='lat' dir='ltr'><strong>frontalibus</strong></span> 
     </span>
     <span class='ocr_line' id='line_1_15' title="bbox 532 1365 2337 1419; baseline 0.001 -12"><span class='ocrx_word' id='word_1_117' title='bbox 532 1380 667 1408; x_wconf 81' lang='lat' dir='ltr'><strong>vnum</strong></span> <span class='ocrx_word' id='word_1_118' title='bbox 691 1367 744 1407; x_wconf 94' lang='lat' dir='ltr'><strong>de</strong></span> <span class='ocrx_word' id='word_1_119' title='bbox 767 1365 907 1407; x_wconf 88' lang='lat' dir='ltr'><strong>serico</strong></span> <span class='ocrx_word' id='word_1_120' title='bbox 930 1372 972 1406; x_wconf 91' lang='lat' dir='ltr'><strong>et</strong></span> <span class='ocrx_word' id='word_1_121' title='bbox 995 1365 1115 1407; x_wconf 92' lang='lat' dir='ltr'><strong>aliud</strong></span> <span class='ocrx_word' id='word_1_122' title='bbox 1138 1366 1190 1407; x_wconf 90' lang='lat' dir='ltr'><strong>de</strong></span> <span class='ocrx_word' id='word_1_123' title='bbox 1213 1379 1360 1419; x_wconf 89' lang='lat' dir='ltr'><strong>panno</strong></span> <span class='ocrx_word' id='word_1_124' title='bbox 1377 1365 1473 1407; x_wconf 91' lang='lat' dir='ltr'><strong>auri</strong></span> <span class='ocrx_word' id='word_1_125' title='bbox 1491 1372 1612 1407; x_wconf 87' lang='lat' dir='ltr'><strong>texto</strong></span> <span class='ocrx_word' id='word_1_126' title='bbox 1630 1366 2008 1409; x_wconf 86' lang='lat' dir='ltr'><strong>circumeuntibus</strong></span> <span class='ocrx_word' id='word_1_127' title='bbox 2029 1372 2174 1409; x_wconf 88' lang='lat' dir='ltr'><strong>totum</strong></span> <span class='ocrx_word' id='word_1_128' title='bbox 2197 1366 2337 1409; x_wconf 87' lang='lat' dir='ltr'><strong>altare</strong></span> 
     </span>
     <span class='ocr_line' id='line_1_16' title="bbox 532 1435 2337 1491; baseline 0.001 -14"><span class='ocrx_word' id='word_1_129' title='bbox 532 1442 575 1477; x_wconf 91' lang='lat' dir='ltr'><strong>et</strong></span> <span class='ocrx_word' id='word_1_130' title='bbox 608 1435 753 1477; x_wconf 91' lang='lat' dir='ltr'><strong>dictus</strong></span> <span class='ocrx_word' id='word_1_131' title='bbox 779 1435 993 1490; x_wconf 88' lang='lat' dir='ltr'><strong>magister</strong></span> <span class='ocrx_word' id='word_1_132' title='bbox 1023 1435 1203 1477; x_wconf 91' lang='lat' dir='ltr'><strong>thomas</strong></span> <span class='ocrx_word' id='word_1_133' title='bbox 1231 1435 1458 1478; x_wconf 90' lang='lat' dir='ltr'><strong>decorauit</strong></span> <span class='ocrx_word' id='word_1_134' title='bbox 1485 1435 1654 1478; x_wconf 89' lang='lat' dir='ltr'><strong>dictum</strong></span> <span class='ocrx_word' id='word_1_135' title='bbox 1684 1436 1824 1479; x_wconf 91' lang='lat' dir='ltr'><strong>altare</strong></span> <span class='ocrx_word' id='word_1_136' title='bbox 1857 1451 1958 1478; x_wconf 91' lang='lat' dir='ltr'><strong>cum</strong></span> <span class='ocrx_word' id='word_1_137' title='bbox 1991 1435 2102 1479; x_wconf 91' lang='lat' dir='ltr'><strong>libro</strong></span> <span class='ocrx_word' id='word_1_138' title='bbox 2133 1450 2186 1478; x_wconf 86' lang='lat' dir='ltr'><strong>ex</strong></span> <span class='ocrx_word' id='word_1_139' title='bbox 2216 1450 2337 1491; x_wconf 91' lang='lat' dir='ltr'><strong>pres-</strong></span> 
     </span>
     <span class='ocr_line' id='line_1_17' title="bbox 533 1504 2337 1560; baseline -0.001 -12"><span class='ocrx_word' id='word_1_140' title='bbox 533 1521 635 1548; x_wconf 89' lang='lat' dir='ltr'><strong>sura</strong></span> <span class='ocrx_word' id='word_1_141' title='bbox 657 1512 699 1548; x_wconf 91' lang='lat' dir='ltr'><strong>et</strong></span> <span class='ocrx_word' id='word_1_142' title='bbox 722 1506 862 1547; x_wconf 92' lang='lat' dir='ltr'><strong>tribus</strong></span> <span class='ocrx_word' id='word_1_143' title='bbox 894 1504 1007 1547; x_wconf 90' lang='lat' dir='ltr'><strong>albis</strong></span> <span class='ocrx_word' id='word_1_144' title='bbox 1036 1512 1078 1547; x_wconf 90' lang='lat' dir='ltr'><strong>et</strong></span> <span class='ocrx_word' id='word_1_145' title='bbox 1106 1504 1248 1548; x_wconf 92' lang='lat' dir='ltr'><strong>tribus</strong></span> <span class='ocrx_word' id='word_1_146' title='bbox 1278 1505 1475 1548; x_wconf 90' lang='lat' dir='ltr'><strong>tualibus</strong></span> <span class='ocrx_word' id='word_1_147' title='bbox 1507 1512 1549 1548; x_wconf 89' lang='lat' dir='ltr'><strong>et</strong></span> <span class='ocrx_word' id='word_1_148' title='bbox 1571 1505 1728 1560; x_wconf 89' lang='lat' dir='ltr'><strong>viginti</strong></span> <span class='ocrx_word' id='word_1_149' title='bbox 1760 1505 1954 1560; x_wconf 91' lang='lat' dir='ltr'><strong>quinque</strong></span> <span class='ocrx_word' id='word_1_150' title='bbox 1982 1505 2180 1548; x_wconf 90' lang='lat' dir='ltr'><strong>candelis</strong></span> <span class='ocrx_word' id='word_1_151' title='bbox 2211 1504 2337 1548; x_wconf 92' lang='lat' dir='ltr'><strong>seriis</strong></span> 
     </span>
     <span class='ocr_line' id='line_1_18' title="bbox 532 1575 1017 1631; baseline -0.002 -13"><span class='ocrx_word' id='word_1_152' title='bbox 532 1590 664 1631; x_wconf 90' lang='lat' dir='ltr'><strong>super</strong></span> <span class='ocrx_word' id='word_1_153' title='bbox 685 1576 854 1620; x_wconf 91' lang='lat' dir='ltr'><strong>dictum</strong></span> <span class='ocrx_word' id='word_1_154' title='bbox 876 1575 1017 1618; x_wconf 88' lang='lat' dir='ltr'><strong>altare</strong></span> 
     </span>
    </p>
   </div>
   <div class='ocr_carea' id='block_1_4' title="bbox 710 1679 2336 2152">
    <p class='ocr_par' dir='ltr' id='par_1_4' title="bbox 820 1679 2334 1737">
     <span class='ocr_line' id='line_1_19' title="bbox 820 1679 2334 1737; baseline 0.002 -15"><span class='ocrx_word' id='word_1_155' title='bbox 820 1680 1065 1736; x_wconf 84' lang='lat' dir='ltr'><strong>EQUIRO</strong></span> <span class='ocrx_word' id='word_1_156' title='bbox 1089 1679 1269 1724; x_wconf 92' lang='lat' dir='ltr'><strong>inscribi</strong></span> <span class='ocrx_word' id='word_1_157' title='bbox 1291 1680 1335 1723; x_wconf 93' lang='lat' dir='ltr'><strong>in</strong></span> <span class='ocrx_word' id='word_1_158' title='bbox 1358 1680 1442 1724; x_wconf 94' lang='lat' dir='ltr'><strong>hoc</strong></span> <span class='ocrx_word' id='word_1_159' title='bbox 1464 1681 1576 1724; x_wconf 95' lang='lat' dir='ltr'><strong>libro</strong></span> <span class='ocrx_word' id='word_1_160' title='bbox 1598 1696 1765 1724; x_wconf 92' lang='lat' dir='ltr'><strong>nouum</strong></span> <span class='ocrx_word' id='word_1_161' title='bbox 1790 1682 1980 1725; x_wconf 90' lang='lat' dir='ltr'><strong>Rentale</strong></span> <span class='ocrx_word' id='word_1_162' title='bbox 2003 1683 2334 1737; x_wconf 91' lang='lat' dir='ltr'><strong>Recuperatum</strong></span> 
     </span>
    </p>

    <p class='ocr_par' dir='ltr' id='par_1_5' title="bbox 876 1750 2336 1806">
     <span class='ocr_line' id='line_1_20' title="bbox 876 1750 2336 1806; baseline 0.002 -14"><span class='ocrx_word' id='word_1_163' title='bbox 876 1765 953 1805; x_wconf 89' lang='lat' dir='ltr'><strong>per</strong></span> <span class='ocrx_word' id='word_1_164' title='bbox 975 1765 1045 1793; x_wconf 90' lang='lat' dir='ltr'><strong>me</strong></span> <span class='ocrx_word' id='word_1_165' title='bbox 1068 1750 1332 1806; x_wconf 86' lang='lat' dir='ltr'><strong>magistrum</strong></span> <span class='ocrx_word' id='word_1_166' title='bbox 1350 1752 1553 1794; x_wconf 90' lang='lat' dir='ltr'><strong>thomam</strong></span> <span class='ocrx_word' id='word_1_167' title='bbox 1571 1752 1796 1795; x_wconf 91' lang='lat' dir='ltr'><strong>chawmer</strong></span> <span class='ocrx_word' id='word_1_168' title='bbox 1817 1757 2021 1795; x_wconf 89' lang='lat' dir='ltr'><strong>curatum</strong></span> <span class='ocrx_word' id='word_1_169' title='bbox 2039 1753 2092 1795; x_wconf 90' lang='lat' dir='ltr'><strong>de</strong></span> <span class='ocrx_word' id='word_1_170' title='bbox 2114 1752 2336 1796; x_wconf 87' lang='lat' dir='ltr'><strong>abberden</strong></span> 
     </span>
    </p>

    <p class='ocr_par' dir='ltr' id='par_1_6' title="bbox 710 1820 2335 1876">
     <span class='ocr_line' id='line_1_21' title="bbox 710 1820 2335 1876; baseline 0.002 -15"><span class='ocrx_word' id='word_1_171' title='bbox 710 1826 753 1861; x_wconf 92' lang='lat' dir='ltr'><strong>et</strong></span> <span class='ocrx_word' id='word_1_172' title='bbox 783 1820 1064 1875; x_wconf 88' lang='lat' dir='ltr'><strong>capellanum</strong></span> <span class='ocrx_word' id='word_1_173' title='bbox 1094 1820 1292 1863; x_wconf 90' lang='lat' dir='ltr'><strong>eiusdem</strong></span> <span class='ocrx_word' id='word_1_174' title='bbox 1322 1821 1477 1863; x_wconf 89' lang='lat' dir='ltr'><strong>altaris</strong></span> <span class='ocrx_word' id='word_1_175' title='bbox 1505 1821 1747 1864; x_wconf 88' lang='lat' dir='ltr'><strong>limitatum</strong></span> <span class='ocrx_word' id='word_1_176' title='bbox 1770 1836 1849 1876; x_wconf 91' lang='lat' dir='ltr'><strong>per</strong></span> <span class='ocrx_word' id='word_1_177' title='bbox 1875 1835 2154 1876; x_wconf 86' lang='lat' dir='ltr'><strong>possessores</strong></span> <span class='ocrx_word' id='word_1_178' title='bbox 2184 1822 2335 1865; x_wconf 86' lang='lat' dir='ltr'><strong>domo-</strong></span> 
     </span>
    </p>

    <p class='ocr_par' dir='ltr' id='par_1_7' title="bbox 711 1889 2333 1945">
     <span class='ocr_line' id='line_1_22' title="bbox 711 1889 2333 1945; baseline 0.002 -16"><span class='ocrx_word' id='word_1_179' title='bbox 711 1902 808 1929; x_wconf 90' lang='lat' dir='ltr'><strong>rum</strong></span> <span class='ocrx_word' id='word_1_180' title='bbox 845 1895 886 1930; x_wconf 91' lang='lat' dir='ltr'><strong>et</strong></span> <span class='ocrx_word' id='word_1_181' title='bbox 921 1889 1160 1930; x_wconf 86' lang='lat' dir='ltr'><strong>croftorum</strong></span> <span class='ocrx_word' id='word_1_182' title='bbox 1197 1896 1304 1931; x_wconf 91' lang='lat' dir='ltr'><strong>tunc</strong></span> <span class='ocrx_word' id='word_1_183' title='bbox 1335 1889 1550 1944; x_wconf 90' lang='lat' dir='ltr'><strong>temporis</strong></span> <span class='ocrx_word' id='word_1_184' title='bbox 1587 1904 1704 1932; x_wconf 90' lang='lat' dir='ltr'><strong>anno</strong></span> <span class='ocrx_word' id='word_1_185' title='bbox 1735 1890 1901 1945; x_wconf 90' lang='lat' dir='ltr'><strong>dominj</strong></span> <span class='ocrx_word' id='word_1_186' title='bbox 1941 1889 2179 1933; x_wconf 90' lang='lat' dir='ltr'><strong>millesimo</strong></span> <span class='ocrx_word' id='word_1_187' title='bbox 2209 1890 2333 1945; x_wconf 89' lang='lat' dir='ltr'><strong>quin-</strong></span> 
     </span>
    </p>

    <p class='ocr_par' dir='ltr' id='par_1_8' title="bbox 710 1957 2333 2014">
     <span class='ocr_line' id='line_1_23' title="bbox 710 1957 2333 2014; baseline 0.002 -16"><span class='ocrx_word' id='word_1_188' title='bbox 710 1957 959 2011; x_wconf 87' lang='lat' dir='ltr'><strong>gentesimo</strong></span> <span class='ocrx_word' id='word_1_189' title='bbox 1000 1958 1172 2000; x_wconf 90' lang='lat' dir='ltr'><strong>decimo</strong></span> <span class='ocrx_word' id='word_1_190' title='bbox 1208 1958 1340 2001; x_wconf 92' lang='lat' dir='ltr'><strong>tertio</strong></span> <span class='ocrx_word' id='word_1_191' title='bbox 1381 1965 1582 2013; x_wconf 87' lang='lat' dir='ltr'><strong>tempore</strong></span> <span class='ocrx_word' id='word_1_192' title='bbox 1623 1959 1899 2014; x_wconf 89' lang='lat' dir='ltr'><strong>prepositure</strong></span> <span class='ocrx_word' id='word_1_193' title='bbox 1940 1958 2214 2002; x_wconf 90' lang='lat' dir='ltr'><strong>honorabilis</strong></span> <span class='ocrx_word' id='word_1_194' title='bbox 2252 1958 2333 2001; x_wconf 91' lang='lat' dir='ltr'><strong>viri</strong></span> 
     </span>
    </p>

    <p class='ocr_par' dir='ltr' id='par_1_9' title="bbox 711 2026 2334 2152">
     <span class='ocr_line' id='line_1_24' title="bbox 711 2026 2334 2083; baseline 0.001 -15"><span class='ocrx_word' id='word_1_195' title='bbox 711 2027 885 2081; x_wconf 89' lang='lat' dir='ltr'><strong>gilberti</strong></span> <span class='ocrx_word' id='word_1_196' title='bbox 920 2041 1099 2069; x_wconf 84' lang='lat' dir='ltr'><strong>menzes</strong></span> <span class='ocrx_word' id='word_1_197' title='bbox 1393 2027 1596 2070; x_wconf 89' lang='lat' dir='ltr'><strong>Thomas</strong></span> <span class='ocrx_word' id='word_1_198' title='bbox 1629 2028 1866 2071; x_wconf 89' lang='lat' dir='ltr'><strong>Chawmer</strong></span> <span class='ocrx_word' id='word_1_199' title='bbox 1897 2027 2097 2071; x_wconf 85' lang='lat' dir='ltr'><strong>notarius</strong></span> <span class='ocrx_word' id='word_1_200' title='bbox 2129 2026 2334 2083; x_wconf 92' lang='lat' dir='ltr'><strong>publicus</strong></span> 
     </span>
     <span class='ocr_line' id='line_1_25' title="bbox 1393 2096 1740 2152; baseline 0.006 -14"><span class='ocrx_word' id='word_1_201' title='bbox 1393 2111 1530 2139; x_wconf 91' lang='lat' dir='ltr'><strong>manu</strong></span> <span class='ocrx_word' id='word_1_202' title='bbox 1563 2096 1740 2152; x_wconf 88' lang='lat' dir='ltr'><strong>propria</strong></span> 
     </span>
    </p>
   </div>
   <div class='ocr_carea' id='block_1_5' title="bbox 1341 2233 1531 2274">
    <p class='ocr_par' dir='ltr' id='par_1_10' title="bbox 1341 2233 1531 2274">
     <span class='ocr_line' id='line_1_26' title="bbox 1341 2233 1531 2274; baseline 0 0"><span class='ocrx_word' id='word_1_203' title='bbox 1341 2233 1531 2274; x_wconf 89' lang='lat' dir='ltr'>XXXV.</span> 
     </span>
    </p>
   </div>
   <div class='ocr_carea' id='block_1_6' title="bbox 233 2323 2334 2938">
    <p class='ocr_par' dir='ltr' id='par_1_11' title="bbox 233 2323 2334 2450">
     <span class='ocr_line' id='line_1_27' title="bbox 233 2323 2334 2377; baseline -0.002 -7"><span class='ocrx_word' id='word_1_204' title='bbox 233 2345 290 2377; x_wconf 82' lang='lat' dir='ltr'><strong>sol.</strong></span> <span class='ocrx_word' id='word_1_205' title='bbox 308 2344 372 2377; x_wconf 83' lang='lat'><strong>262</strong></span> <span class='ocrx_word' id='word_1_206' title='bbox 638 2326 942 2370; x_wconf 88' lang='lat' dir='ltr'>NIUERSIS</span> <span class='ocrx_word' id='word_1_207' title='bbox 979 2324 1133 2368; x_wconf 87' lang='lat' dir='ltr'><strong>christi</strong></span> <span class='ocrx_word' id='word_1_208' title='bbox 1168 2325 1372 2368; x_wconf 90' lang='lat' dir='ltr'><strong>fidelibus</strong></span> <span class='ocrx_word' id='word_1_209' title='bbox 1414 2326 1547 2368; x_wconf 91' lang='lat' dir='ltr'><strong>Hanc</strong></span> <span class='ocrx_word' id='word_1_210' title='bbox 1589 2326 1771 2368; x_wconf 90' lang='lat' dir='ltr'><strong>Cartam</strong></span> <span class='ocrx_word' id='word_1_211' title='bbox 1811 2323 1972 2366; x_wconf 90' lang='lat' dir='ltr'><strong>visuris</strong></span> <span class='ocrx_word' id='word_1_212' title='bbox 2007 2323 2078 2366; x_wconf 91' lang='lat' dir='ltr'><strong>uel</strong></span> <span class='ocrx_word' id='word_1_213' title='bbox 2115 2323 2334 2366; x_wconf 89' lang='lat' dir='ltr'><strong>audituris</strong></span> 
     </span>
     <span class='ocr_line' id='line_1_28' title="bbox 694 2393 2334 2450; baseline -0.001 -12"><span class='ocrx_word' id='word_1_214' title='bbox 694 2395 907 2450; x_wconf 86' lang='lat' dir='ltr'><strong>magister</strong></span> <span class='ocrx_word' id='word_1_215' title='bbox 938 2396 1171 2438; x_wconf 85' lang='lat' dir='ltr'><strong>duncanus</strong></span> <span class='ocrx_word' id='word_1_216' title='bbox 1203 2396 1393 2438; x_wconf 90' lang='lat' dir='ltr'><strong>Scherar</strong></span> <span class='ocrx_word' id='word_1_217' title='bbox 1425 2394 1749 2438; x_wconf 90' lang='lat' dir='ltr'><strong>Prebendarius</strong></span> <span class='ocrx_word' id='word_1_218' title='bbox 1785 2395 1838 2437; x_wconf 92' lang='lat' dir='ltr'><strong>de</strong></span> <span class='ocrx_word' id='word_1_219' title='bbox 1871 2394 1972 2437; x_wconf 90' lang='lat' dir='ltr'><strong>Clat</strong></span> <span class='ocrx_word' id='word_1_220' title='bbox 2003 2408 2056 2436; x_wconf 89' lang='lat' dir='ltr'><strong>ac</strong></span> <span class='ocrx_word' id='word_1_221' title='bbox 2091 2393 2334 2437; x_wconf 91' lang='lat' dir='ltr'><strong>canonicus</strong></span> 
     </span>
    </p>

    <p class='ocr_par' dir='ltr' id='par_1_12' title="bbox 531 2463 2332 2520">
     <span class='ocr_line' id='line_1_29' title="bbox 531 2463 2332 2520; baseline -0.001 -12"><span class='ocrx_word' id='word_1_222' title='bbox 531 2465 836 2509; x_wconf 91' lang='lat' dir='ltr'><strong>abirdonensis</strong></span> <span class='ocrx_word' id='word_1_223' title='bbox 855 2465 1044 2508; x_wconf 89' lang='lat' dir='ltr'><strong>salutem</strong></span> <span class='ocrx_word' id='word_1_224' title='bbox 1068 2465 1112 2506; x_wconf 93' lang='lat' dir='ltr'><strong>in</strong></span> <span class='ocrx_word' id='word_1_225' title='bbox 1135 2465 1315 2507; x_wconf 90' lang='lat' dir='ltr'><strong>domino</strong></span> <span class='ocrx_word' id='word_1_226' title='bbox 1333 2465 1650 2520; x_wconf 88' lang='lat' dir='ltr'><strong>sempiternam</strong></span> <span class='ocrx_word' id='word_1_227' title='bbox 1670 2464 1786 2520; x_wconf 86' lang='lat' dir='ltr'><strong>Quia</strong></span> <span class='ocrx_word' id='word_1_228' title='bbox 1807 2479 1885 2519; x_wconf 92' lang='lat' dir='ltr'><strong>per</strong></span> <span class='ocrx_word' id='word_1_229' title='bbox 1900 2465 2086 2506; x_wconf 90' lang='lat' dir='ltr'><strong>deuotas</strong></span> <span class='ocrx_word' id='word_1_230' title='bbox 2102 2463 2332 2507; x_wconf 88' lang='lat' dir='ltr'><strong>oraciones</strong></span> 
     </span>
    </p>

    <p class='ocr_par' dir='ltr' id='par_1_13' title="bbox 532 2532 2331 2589">
     <span class='ocr_line' id='line_1_30' title="bbox 532 2532 2331 2589; baseline -0.002 -12"><span class='ocrx_word' id='word_1_231' title='bbox 532 2551 583 2578; x_wconf 87' lang='lat' dir='ltr'><strong>ac</strong></span> <span class='ocrx_word' id='word_1_232' title='bbox 600 2535 837 2578; x_wconf 89' lang='lat' dir='ltr'><strong>missarum</strong></span> <span class='ocrx_word' id='word_1_233' title='bbox 857 2534 1182 2577; x_wconf 88' lang='lat' dir='ltr'><strong>celebraciones</strong></span> <span class='ocrx_word' id='word_1_234' title='bbox 1203 2534 1275 2577; x_wconf 88' lang='lat' dir='ltr'><strong>vbi</strong></span> <span class='ocrx_word' id='word_1_235' title='bbox 1293 2534 1488 2577; x_wconf 91' lang='lat' dir='ltr'><strong>christus</strong></span> <span class='ocrx_word' id='word_1_236' title='bbox 1505 2534 1573 2577; x_wconf 91' lang='lat' dir='ltr'><strong>dei</strong></span> <span class='ocrx_word' id='word_1_237' title='bbox 1590 2534 1708 2576; x_wconf 91' lang='lat' dir='ltr'><strong>filius</strong></span> <span class='ocrx_word' id='word_1_238' title='bbox 1725 2548 1803 2589; x_wconf 88' lang='lat' dir='ltr'><strong>pro</strong></span> <span class='ocrx_word' id='word_1_239' title='bbox 1820 2532 2017 2588; x_wconf 89' lang='lat' dir='ltr'><strong>peccatis</strong></span> <span class='ocrx_word' id='word_1_240' title='bbox 2034 2533 2199 2575; x_wconf 90' lang='lat' dir='ltr'><strong>nostris</strong></span> <span class='ocrx_word' id='word_1_241' title='bbox 2215 2532 2331 2588; x_wconf 86' lang='lat' dir='ltr'><strong>patri</strong></span> 
     </span>
    </p>

    <p class='ocr_par' dir='ltr' id='par_1_14' title="bbox 531 2601 2330 2659">
     <span class='ocr_line' id='line_1_31' title="bbox 531 2601 2330 2659; baseline -0.002 -12"><span class='ocrx_word' id='word_1_242' title='bbox 531 2606 711 2647; x_wconf 85' lang='lat' dir='ltr'><strong>offertur</strong></span> <span class='ocrx_word' id='word_1_243' title='bbox 732 2604 963 2659; x_wconf 87' lang='lat' dir='ltr'><strong>presertim</strong></span> <span class='ocrx_word' id='word_1_244' title='bbox 987 2604 1180 2646; x_wconf 86' lang='lat' dir='ltr'><strong>creditur</strong></span> <span class='ocrx_word' id='word_1_245' title='bbox 1201 2611 1385 2659; x_wconf 90' lang='lat' dir='ltr'><strong>peccata</strong></span> <span class='ocrx_word' id='word_1_246' title='bbox 1407 2603 1571 2647; x_wconf 88' lang='lat' dir='ltr'><strong>dimitti</strong></span> <span class='ocrx_word' id='word_1_247' title='bbox 1598 2603 1839 2659; x_wconf 87' lang='lat' dir='ltr'><strong>purgatorij</strong></span> <span class='ocrx_word' id='word_1_248' title='bbox 1865 2617 1949 2658; x_wconf 90' lang='lat' dir='ltr'><strong>que</strong></span> <span class='ocrx_word' id='word_1_249' title='bbox 1970 2617 2109 2658; x_wconf 91' lang='lat' dir='ltr'><strong>penas</strong></span> <span class='ocrx_word' id='word_1_250' title='bbox 2130 2601 2330 2645; x_wconf 88' lang='lat' dir='ltr'><strong>demoliri</strong></span> 
     </span>
    </p>

    <p class='ocr_par' dir='ltr' id='par_1_15' title="bbox 530 2671 2331 2729">
     <span class='ocr_line' id='line_1_32' title="bbox 530 2671 2331 2729; baseline -0.001 -13"><span class='ocrx_word' id='word_1_251' title='bbox 530 2681 573 2716; x_wconf 89' lang='lat' dir='ltr'><strong>et</strong></span> <span class='ocrx_word' id='word_1_252' title='bbox 596 2675 650 2717; x_wconf 91' lang='lat' dir='ltr'><strong>ab</strong></span> <span class='ocrx_word' id='word_1_253' title='bbox 673 2674 752 2716; x_wconf 92' lang='lat' dir='ltr'><strong>eiis</strong></span> <span class='ocrx_word' id='word_1_254' title='bbox 774 2674 1083 2716; x_wconf 89' lang='lat' dir='ltr'><strong>defunctorum</strong></span> <span class='ocrx_word' id='word_1_255' title='bbox 1107 2674 1281 2717; x_wconf 87' lang='lat' dir='ltr'><strong>animas</strong></span> <span class='ocrx_word' id='word_1_256' title='bbox 1301 2673 1581 2729; x_wconf 84' lang='lat' dir='ltr'><strong>frequencius</strong></span> <span class='ocrx_word' id='word_1_257' title='bbox 1603 2673 1777 2716; x_wconf 89' lang='lat' dir='ltr'><strong>liberari</strong></span> <span class='ocrx_word' id='word_1_258' title='bbox 1799 2687 1851 2716; x_wconf 91' lang='lat' dir='ltr'><strong>ac</strong></span> <span class='ocrx_word' id='word_1_259' title='bbox 1873 2673 1917 2714; x_wconf 91' lang='lat' dir='ltr'><strong>in</strong></span> <span class='ocrx_word' id='word_1_260' title='bbox 1940 2671 2134 2727; x_wconf 90' lang='lat' dir='ltr'><strong>paradisi</strong></span> <span class='ocrx_word' id='word_1_261' title='bbox 2155 2671 2331 2727; x_wconf 87' lang='lat' dir='ltr'><strong>gaudijs</strong></span> 
     </span>
    </p>

    <p class='ocr_par' dir='ltr' id='par_1_16' title="bbox 531 2740 2331 2799">
     <span class='ocr_line' id='line_1_33' title="bbox 531 2740 2331 2799; baseline -0.002 -14"><span class='ocrx_word' id='word_1_262' title='bbox 531 2744 736 2786; x_wconf 90' lang='lat' dir='ltr'><strong>collocari</strong></span> <span class='ocrx_word' id='word_1_263' title='bbox 770 2744 891 2786; x_wconf 92' lang='lat' dir='ltr'><strong>Hinc</strong></span> <span class='ocrx_word' id='word_1_264' title='bbox 923 2750 989 2786; x_wconf 91' lang='lat' dir='ltr'><strong>est</strong></span> <span class='ocrx_word' id='word_1_265' title='bbox 1022 2745 1138 2798; x_wconf 91' lang='lat' dir='ltr'><strong>quod</strong></span> <span class='ocrx_word' id='word_1_266' title='bbox 1168 2745 1266 2799; x_wconf 86' lang='lat' dir='ltr'><strong>Ego</strong></span> <span class='ocrx_word' id='word_1_267' title='bbox 1295 2744 1441 2787; x_wconf 90' lang='lat' dir='ltr'><strong>dictus</strong></span> <span class='ocrx_word' id='word_1_268' title='bbox 1469 2743 1683 2798; x_wconf 87' lang='lat' dir='ltr'><strong>magister</strong></span> <span class='ocrx_word' id='word_1_269' title='bbox 1710 2744 1942 2785; x_wconf 89' lang='lat' dir='ltr'><strong>duncanus</strong></span> <span class='ocrx_word' id='word_1_270' title='bbox 1973 2742 2044 2797; x_wconf 92' lang='lat' dir='ltr'><strong>pie</strong></span> <span class='ocrx_word' id='word_1_271' title='bbox 2075 2740 2331 2784; x_wconf 89' lang='lat' dir='ltr'><strong>deuocionis</strong></span> 
     </span>
    </p>

    <p class='ocr_par' dir='ltr' id='par_1_17' title="bbox 234 2809 2331 2938">
     <span class='ocr_line' id='line_1_34' title="bbox 236 2809 2331 2868; baseline -0.003 -10"><span class='ocrx_word' id='word_1_272' title='bbox 236 2827 354 2859; x_wconf 83' lang='lat' dir='ltr'><strong>fundat</strong></span> <span class='ocrx_word' id='word_1_273' title='bbox 371 2834 407 2859; x_wconf 87' lang='lat' dir='ltr'><strong>to</strong></span> <span class='ocrx_word' id='word_1_274' title='bbox 423 2837 464 2868; x_wconf 82' lang='lat' dir='ltr'><strong>ye</strong></span> <span class='ocrx_word' id='word_1_275' title='bbox 531 2814 688 2855; x_wconf 87' lang='lat' dir='ltr'><strong>effectu</strong></span> <span class='ocrx_word' id='word_1_276' title='bbox 726 2814 886 2856; x_wconf 90' lang='lat' dir='ltr'><strong>ductus</strong></span> <span class='ocrx_word' id='word_1_277' title='bbox 922 2813 966 2855; x_wconf 91' lang='lat' dir='ltr'><strong>in</strong></span> <span class='ocrx_word' id='word_1_278' title='bbox 1002 2814 1167 2856; x_wconf 88' lang='lat' dir='ltr'><strong>honore</strong></span> <span class='ocrx_word' id='word_1_279' title='bbox 1205 2815 1369 2857; x_wconf 83' lang='lat' dir='ltr'><strong>Sancte</strong></span> <span class='ocrx_word' id='word_1_280' title='bbox 1410 2821 1453 2856; x_wconf 87' lang='lat' dir='ltr'><strong>et</strong></span> <span class='ocrx_word' id='word_1_281' title='bbox 1496 2813 1730 2856; x_wconf 90' lang='lat' dir='ltr'><strong>Indiuidue</strong></span> <span class='ocrx_word' id='word_1_282' title='bbox 1763 2811 1978 2854; x_wconf 86' lang='lat' dir='ltr'><strong>trinitatis</strong></span> <span class='ocrx_word' id='word_1_283' title='bbox 2013 2809 2331 2867; x_wconf 86' lang='lat' dir='ltr'><strong>gloriosissime</strong></span> 
     </span>
     <span class='ocr_line' id='line_1_35' title="bbox 234 2871 2327 2938; baseline -0.001 -14"><span class='ocrx_word' id='word_1_284' title='bbox 234 2871 419 2902; x_wconf 75' lang='lat' dir='ltr'><strong>cathedrali</strong></span> <span class='ocrx_word' id='word_1_285' title='bbox 529 2882 712 2937; x_wconf 90' lang='lat' dir='ltr'><strong>virginis</strong></span> <span class='ocrx_word' id='word_1_286' title='bbox 735 2883 872 2925; x_wconf 90' lang='lat' dir='ltr'><strong>marie</strong></span> <span class='ocrx_word' id='word_1_287' title='bbox 894 2883 1011 2926; x_wconf 88' lang='lat' dir='ltr'><strong>beati</strong></span> <span class='ocrx_word' id='word_1_288' title='bbox 1033 2884 1208 2925; x_wconf 92' lang='lat' dir='ltr'><strong>Andree</strong></span> <span class='ocrx_word' id='word_1_289' title='bbox 1236 2883 1427 2938; x_wconf 89' lang='lat' dir='ltr'><strong>apostoli</strong></span> <span class='ocrx_word' id='word_1_290' title='bbox 1449 2897 1620 2925; x_wconf 92' lang='lat' dir='ltr'><strong>necnon</strong></span> <span class='ocrx_word' id='word_1_291' title='bbox 1651 2883 1918 2925; x_wconf 88' lang='lat' dir='ltr'><strong>Sanctorum</strong></span> <span class='ocrx_word' id='word_1_292' title='bbox 1942 2880 2093 2935; x_wconf 92' lang='lat' dir='ltr'><strong>Molicj</strong></span> <span class='ocrx_word' id='word_1_293' title='bbox 2127 2886 2171 2922; x_wconf 91' lang='lat' dir='ltr'><strong>et</strong></span> <span class='ocrx_word' id='word_1_294' title='bbox 2201 2878 2327 2934; x_wconf 89' lang='lat' dir='ltr'><strong>fotinj</strong></span> 
     </span>
    </p>
   </div>
   <div class='ocr_carea' id='block_1_7' title="bbox 236 2912 2331 3008">
    <p class='ocr_par' dir='ltr' id='par_1_18' title="bbox 236 2912 2331 3008">
     <span class='ocr_line' id='line_1_36' title="bbox 236 2912 2331 3008; baseline -0.002 -14"><span class='ocrx_word' id='word_1_295' title='bbox 236 2912 453 2990; x_wconf 42' lang='lat' dir='ltr'><strong>&amp;ssxgefnaeuld</strong></span> <span class='ocrx_word' id='word_1_296' title='bbox 531 2952 817 3007; x_wconf 90' lang='lat' dir='ltr'><strong>omniumque</strong></span> <span class='ocrx_word' id='word_1_297' title='bbox 848 2960 1103 2995; x_wconf 91' lang='lat' dir='ltr'><strong>sanctorum</strong></span> <span class='ocrx_word' id='word_1_298' title='bbox 1127 2953 1195 2996; x_wconf 91' lang='lat' dir='ltr'><strong>dei</strong></span> <span class='ocrx_word' id='word_1_299' title='bbox 1219 2953 1263 2995; x_wconf 89' lang='lat' dir='ltr'><strong>in</strong></span> <span class='ocrx_word' id='word_1_300' title='bbox 1285 2953 1683 3008; x_wconf 89' lang='lat' dir='ltr'><strong>Agmentacionem</strong></span> <span class='ocrx_word' id='word_1_301' title='bbox 1706 2952 1836 2994; x_wconf 89' lang='lat' dir='ltr'><strong>vnius</strong></span> <span class='ocrx_word' id='word_1_302' title='bbox 1852 2957 2064 3006; x_wconf 86' lang='lat' dir='ltr'><strong>perpetue</strong></span> <span class='ocrx_word' id='word_1_303' title='bbox 2086 2947 2331 3004; x_wconf 88' lang='lat' dir='ltr'><strong>capellanie</strong></span> 
     </span>
    </p>
   </div>
  </div>
 </body>
</html>
