2524 3418
493 348 572 377 212
820 337 976 378 Tabula
1007 337 1179 378 secunda
1209 337 1465 391 quorundam
1495 337 1651 378 ecclesie
1683 337 1976 392 benefactorum

491 450 637 493 bimus
663 458 705 493 et
735 452 1067 505 Imperpetuum
1101 451 1387 493 defendemus
1415 451 1621 493 omnibus
1647 451 1747 493 dolo
1774 459 1816 493 et
1841 452 1993 494 fraude
2022 453 2207 495 seclusis
2236 455 2288 496 In

492 520 618 562 cuius
649 520 709 562 rei
743 520 1047 562 testimonium
1081 520 1183 562 huic
1217 520 1410 574 presenti
1443 521 1594 563 charte
1629 528 1777 563 nostre
1811 522 1974 563 nostris
2008 522 2290 565 manualibus

492 591 890 646 subscriptionibus
916 591 1162 646 subscripte
1189 591 1383 646 sigillum
1412 598 1612 634 nostrum
1640 607 1876 635 commune
1899 607 2071 636 necnon
2095 593 2289 648 sigillum

492 661 764 703 honorabilis
795 661 874 702 viri
907 662 1068 703 andree
1101 675 1278 703 menzes
1303 661 1433 704 Vnius
1465 662 1729 704 balliuorum
1761 662 1866 704 dieti
1898 663 2024 717 burgi
2057 677 2108 706 ac
2140 663 2290 705 huius-

493 731 610 773 modi
649 730 794 773 sasine
831 731 998 773 datoris
1032 738 1134 773 sunt
1173 745 1370 786 appensa
1404 733 1521 785 apud
1556 733 1773 774 aberdene
1810 732 1982 774 decimo
2019 732 2088 774 die
2125 731 2291 774 mensis

494 801 597 855 maij
642 815 758 843 anno
799 800 965 855 dominj
1010 800 1247 843 millesimo
1289 800 1646 856 quingentesimo
1697 801 1926 856 trigesimo
1968 817 2085 844 nono
2127 803 2289 845 Coram

493 870 680 912 testibus
712 870 907 925 prouidis
938 870 1043 912 viris
1073 871 1242 913 valtero
1274 871 1479 913 craufurd
1514 872 1676 913 Iacobo
1709 871 1921 913 collisone
1948 872 2104 914 thoma
2128 872 2293 914 huntar

492 941 646 982 thoma
669 940 780 983 blair
802 941 1040 983 alexandro
1063 942 1148 996 kay
1170 941 1416 996 sergiandis
1438 956 1538 983 cum
1563 941 1750 983 diuersis
1773 941 1871 983 aliis
1893 941 2083 983 testibus
2105 941 2292 996 gilberto

493 1010 708 1052 malisone
741 1016 783 1051 et
816 1010 1028 1065 magistro
1062 1010 1221 1052 dauide
1253 1010 1517 1052 nicholsoun
1551 1010 1775 1065 communj
1809 1011 1952 1053 scriba
1979 1010 2137 1065 prefati
2166 1009 2292 1064 burgi

493 1079 706 1134 magister
735 1080 914 1122 thomas
947 1080 1144 1122 chalmes
1176 1087 1357 1122 curatus
1389 1081 1442 1122 de
1474 1080 1683 1122 abirdene
1716 1094 1852 1122 manu
1882 1079 2058 1135 propria
2087 1079 2294 1122 dominus

495 1150 687 1191 Ioannes
729 1150 874 1191 Waus
916 1163 1052 1192 manu
1103 1149 1280 1204 propria
1327 1149 1534 1192 dominus
1578 1149 1712 1192 dauid
1753 1150 1898 1192 Waus
1940 1163 2075 1191 manu
2117 1148 2294 1203 propria

493 1219 699 1261 dominus
742 1220 934 1261 Ioannes
974 1219 1039 1274 fyf
1071 1234 1206 1262 manu
1248 1219 1426 1275 propria
1467 1219 1674 1262 dominus
1717 1221 1906 1262 Iacobus
1942 1219 2122 1274 barclay
2158 1232 2294 1260 manu

494 1288 670 1343 propria
702 1288 910 1330 dominus
942 1289 1181 1331 alexander
1211 1289 1335 1331 leslie
1367 1303 1503 1331 manu
1535 1288 1710 1344 propria
1743 1289 1957 1344 magister
1990 1290 2183 1330 Ioannes
2207 1288 2296 1343 hay

494 1372 630 1399 manu
658 1357 851 1412 ¹'propria
892 1358 1100 1400 dominus
1141 1359 1379 1401 alexander
1419 1359 1650 1401 robertson
1692 1373 1827 1401 manu
1869 1357 2047 1413 propria
2088 1356 2295 1399 dominus

496 1429 687 1470 Ioannes
721 1442 915 1483 cumyng
948 1443 1084 1471 manu
1117 1429 1293 1484 propria
1327 1429 1534 1471 dominus
1571 1430 1760 1471 andreas
1790 1443 1914 1470 waus
1947 1442 2083 1470 manu
2119 1426 2296 1482 propria

494 1498 701 1540 dominus
742 1498 979 1540 alexander
1020 1500 1240 1541 anderson
1283 1513 1418 1541 manu
1460 1499 1636 1554 propria
1677 1498 1884 1541 dominus
1925 1500 2127 1541 robertus
2164 1497 2297 1552 spark

494 1581 630 1609 manu
675 1568 851 1623 propria
901 1568 1114 1624 magister
1159 1569 1291 1612 dauid
1343 1569 1607 1612 nicholsoun
1653 1569 1855 1612 notarius
1905 1568 2109 1624 publicus
2160 1581 2296 1610 manu

492 1650 669 1691 propria

668 1753 767 1795 Hec
800 1760 867 1795 est
899 1768 1003 1796 vera
1034 1753 1162 1808 copia
1194 1753 1452 1809 principalis
1484 1759 1605 1797 carte
1627 1753 1923 1796 collacionata
1944 1767 2022 1808 per
2043 1767 2114 1794 me
2136 1751 2299 1807 magis-

669 1829 783 1865 tram
809 1824 1056 1866 Iohannem
1079 1824 1345 1866 nicholsoun
1368 1823 1592 1866 notarium
1616 1823 1843 1878 publicum
1861 1823 1972 1865 nihil
1995 1823 2198 1865 addendo
2221 1827 2298 1865 aut

669 1892 956 1935 diminuendo
989 1894 1105 1948 quod
1136 1892 1243 1935 facti
1276 1892 1574 1935 substantiam
1609 1898 1782 1934 mutare
1822 1907 1900 1934 seu
1935 1891 2106 1934 variare
2138 1890 2298 1946 poterit

671 1963 747 2004 sed
771 1965 1046 2005 concordans
1068 1977 1169 2005 curn
1200 1977 1280 2005 suo
1309 1962 1546 2017 principali
1572 1961 1775 2017 originali
1804 1963 1857 2004 de
1882 1963 2016 2005 verbo
2044 1961 2089 2003 in
2114 1962 2298 2004 verbum

671 2037 785 2073 teste
809 2032 892 2075 hac
915 2047 1014 2075 mea
1037 2032 1362 2087 subscriptione
1385 2031 1583 2086 manualj

789 2102 859 2144 Ita
881 2109 948 2144 est
973 2103 1198 2146 Iohannes
1227 2102 1493 2145 nicholsoun
1515 2100 1716 2144 notarius
1737 2101 1943 2157 publicus
1965 2115 2101 2144 manu
2124 2099 2301 2156 propria

1325 2242 1472 2284 CVII.

207 2345 264 2378 fol.
279 2344 341 2378 83²
602 2332 847 2375 ROUIDA
869 2339 912 2374 et
933 2333 1105 2374 famosa
1127 2332 1286 2374 mulier
1307 2332 1490 2374 cristina
1515 2331 1684 2374 cadiow
1705 2330 1859 2373 relicta
1882 2330 2104 2384 quondam
2126 2330 2301 2371 Andree

246 2443 251 2448 .
293 2443 298 2447 .
657 2402 892 2443 allansoun
924 2400 1136 2456 prepositi
1168 2402 1221 2442 de
1253 2401 1462 2443 abirdene
1494 2399 1747 2454 sumptibus
1780 2398 1967 2453 propriis
1999 2397 2225 2440 decorauit
2257 2403 2301 2439 et

207 2449 347 2518 ἓὲιέῗιῒοῗέ
501 2469 676 2513 ornauit
718 2471 856 2513 altare
898 2471 1026 2513 beate
1068 2471 1205 2513 marie
1246 2471 1509 2526 magdalene
1550 2470 1663 2512 infra
1713 2468 1948 2511 ecclesiam
2000 2467 2301 2523 parochialem

503 2540 657 2583 Sancti
690 2540 898 2595 nicholaij
936 2541 989 2582 de
1025 2540 1233 2583 abirdene
1270 2541 1487 2583 situatum
1524 2554 1625 2583 cum
1657 2553 1744 2581 vno
1781 2538 2003 2593 completo
2034 2537 2302 2580 vestimento

503 2610 645 2652 cerico
662 2610 867 2653 videlicet
890 2611 929 2652 le
952 2611 1064 2653 blew
1077 2611 1288 2653 wellortis
1310 2617 1352 2653 et
1377 2611 1615 2654 Sacerdote
1633 2609 1819 2652 diacono
1842 2615 1884 2651 et
1907 2607 2178 2651 subdiacono
2200 2621 2302 2650 cum

504 2692 646 2733 cappa
669 2678 866 2720 eiusdem
885 2678 1044 2720 coloris
1066 2678 1221 2733 cerecij
1243 2680 1455 2721 deaurata
1473 2679 1534 2720 Et
1556 2679 1609 2720 de
1625 2692 1711 2720 vno
1734 2677 1872 2719 calice
1897 2676 2069 2732 argenti
2090 2678 2303 2719 deaurato

504 2747 710 2802 ponderis
731 2748 913 2803 triginta
943 2748 1077 2790 trium
1100 2749 1330 2791 vnciarum
1363 2750 1418 2791 ad
1451 2749 1617 2791 dictum
1652 2748 1790 2790 altare
1816 2748 2087 2789 remanendo
2109 2746 2154 2788 in
2176 2746 2304 2788 firma

505 2815 706 2858 custodia
742 2817 959 2871 capellanj
999 2817 1105 2858 dicti
1142 2817 1295 2859 altaris
1329 2818 1432 2859 Non
1469 2818 1674 2859 obstante
1706 2816 1873 2858 dictum
1910 2815 2227 2858 vestimentum
2259 2814 2303 2856 in

506 2883 639 2925 choro
678 2884 958 2926 abirdonensi
995 2886 1213 2928 deseruiet
1257 2886 1498 2928 maioribus
1533 2885 1783 2941 duplicibus
1818 2885 1942 2927 sestis
1979 2885 2118 2928 Cuius
2158 2883 2305 2926 anime

506 2952 775 3007 propicietur
796 2955 904 2996 deus
926 2955 1068 2995 Arnen
