2524 3418
441 328 495 371 40
949 310 1074 354 Carta
1106 310 1307 364 Magistri
1337 309 1537 352 Duncam·
1568 309 1744 352 Scherar

1266 449 1417 490 XVII.

785 541 819 583 C
823 545 912 581 arta
946 536 1146 591 Magistri
1178 536 1376 577 Duncani
1408 535 1584 577 Sclterar
1614 536 1660 576 de
1689 535 1903 577 betsclzawe

567 627 813 671 MNIBUS
846 625 961 666 hanc
994 623 1176 665 Cartam
1213 619 1374 662 visuris
1409 620 1478 662 vel
1513 619 1730 662 audituris
1765 620 1981 675 Magister
2011 622 2244 666 duncanus

623 698 803 739 scherar
835 691 1090 737 Canonicus
1120 689 1451 733 Aberdonensis
1484 704 1534 732 ac
1567 696 1711 732 rector
1737 692 1790 733 de
1822 691 1910 733 clat
1939 692 2156 735 Eternam
2191 695 2242 736 In

444 768 623 812 domino
638 767 827 809 salutem
840 761 1068 805 Noueritis
1085 775 1154 803 me
1168 760 1359 802 vtilitate
1375 774 1474 802 mea
1490 759 1533 801 in
1549 761 1632 802 hac
1642 767 1847 815 presente
1860 761 2052 816 Vndique
2067 763 2243 817 preuisa

444 847 484 881 ct
509 838 742 892 diligenter
773 833 1052 877 considerata
1075 830 1250 874 dedisse
1272 830 1547 873 concessisse
1570 831 1625 873 ad
1647 830 1940 874 seodifirmam
1973 831 2178 876 diuisisse
2200 839 2243 876 et

444 910 527 951 hac
550 905 743 963 presenti
766 911 889 948 carta
912 917 1011 944 mea
1041 901 1330 944 confirmasse
1353 901 1526 942 Andree
1552 900 1779 943 Ranisone
1808 901 2014 944 allutario
2037 903 2244 957 burgensi

445 981 497 1021 de
515 978 744 1021 Aberdene
761 982 902 1017 totam
927 980 968 1015 et
992 973 1211 1026 integram
1235 971 1357 1013 illam
1376 977 1540 1013 terram
1560 985 1705 1013 meam
1725 985 1826 1013 cum
1850 971 1942 1014 suis
1959 971 2246 1026 pertinenciis

447 1051 672 1091 Iacentem
703 1045 814 1088 infra
843 1044 1011 1086 dictum
1041 1043 1228 1096 burgum
1263 1042 1315 1083 de
1345 1042 1575 1083 Aberdene
1608 1041 1651 1082 in
1681 1040 1778 1083 vico
1812 1041 2025 1096 superiori
2058 1041 2244 1084 ecclesie

445 1127 568 1162 extra
610 1123 783 1172 portam
826 1129 878 1156 ex
919 1111 1083 1156 boreali
1125 1117 1250 1166 parte
1292 1110 1490 1153 eiusdem
1531 1110 1617 1153 vici
1666 1110 1781 1153 inter
1825 1111 2036 1154 Riuolum
2079 1126 2104 1155 a
2145 1112 2245 1155 lacu

446 1188 798 1232 molendinorum
821 1183 927 1227 dicti
958 1182 1083 1237 burgi
1114 1181 1401 1224 discendente
1429 1195 1480 1223 ex
1503 1180 1706 1223 orientali
1731 1187 1772 1222 et
1795 1187 1937 1223 terras
1958 1181 2111 1224 thome
2140 1181 2246 1224 mel-

445 1262 571 1303 drum
602 1264 644 1301 et
671 1257 847 1298 Andree
876 1253 1150 1296 michelsone
1173 1266 1225 1293 ex
1247 1250 1513 1293 occidentali
1543 1257 1585 1292 et
1615 1264 1899 1293 communem
1926 1250 2044 1293 viam
2078 1251 2245 1306 regiam

444 1344 598 1373 versus
628 1334 828 1371 austrum
853 1332 894 1367 et
917 1324 1064 1366 lacum
1087 1336 1242 1364 versus
1268 1323 1447 1364 boream
1469 1320 1732 1363 Tenendam
1760 1327 1802 1363 et
1829 1321 2082 1364 habendam
2104 1328 2246 1364 totam

445 1408 487 1443 et
527 1402 754 1453 Integram
789 1402 953 1438 terram
993 1407 1138 1435 meam
1177 1392 1451 1434 antedictam
1490 1406 1591 1434 cum
1630 1391 1722 1434 suis
1759 1391 2046 1446 pertinenciis
2077 1392 2247 1447 prefato

445 1472 620 1513 Andree
656 1466 892 1510 heredibus
930 1463 1022 1506 suis
1059 1470 1101 1505 et
1139 1462 1231 1505 suis
1267 1461 1509 1516 assignatis
1541 1477 1566 1504 a
1599 1476 1669 1504 me
1703 1468 1745 1504 et
1780 1462 2016 1505 heredibus
2046 1461 2158 1504 meis
2194 1463 2247 1505 de

445 1553 683 1596 suppremo
709 1536 889 1580 domino
921 1541 1073 1577 nostro
1102 1535 1223 1587 Rege
1250 1532 1294 1574 in
1319 1533 1447 1575 feodo
1473 1538 1515 1574 et
1542 1531 1789 1575 hereditate
1821 1547 1872 1575 ac
1904 1531 1949 1574 in
1981 1532 2117 1575 libero
2149 1533 2247 1576 bur-

445 1610 574 1665 gagio
599 1611 934 1662 Imperpetuum
958 1618 1059 1646 cum
1083 1603 1203 1646 omni
1229 1604 1328 1645 Iure
1351 1610 1394 1645 et
1414 1602 1529 1645 Iuris
1551 1602 1723 1655 clameo
1745 1602 1789 1644 in
1807 1602 1955 1645 debita
1971 1602 2248 1657 longitudine

446 1689 488 1722 et
521 1677 756 1722 latitudine
789 1690 890 1720 cum
923 1673 1108 1717 edificiis
1141 1674 1330 1728 desuper
1361 1672 1629 1716 constructis
1655 1679 1697 1715 et
1720 1673 2030 1716 construendis
2061 1688 2112 1716 ae
2145 1687 2246 1716 cum

446 1749 651 1792 omnibus
683 1754 725 1790 et
759 1745 945 1801 singulis
977 1743 1256 1787 libertatibus
1289 1743 1634 1786 comoditatibus
1666 1749 1708 1786 et
1741 1743 2003 1786 asiamentis
2034 1757 2087 1786 ac
2118 1742 2248 1786 iustis

447 1821 538 1863 suis
561 1817 846 1875 pertinenciis
868 1816 1204 1870 quibuscunque
1227 1815 1283 1856 ad
1306 1813 1472 1856 dictam
1495 1820 1658 1856 terram
1683 1828 1784 1856 cum
1807 1812 2093 1869 pertinenciis
2125 1827 2246 1869 spec-

446 1889 646 1932 tantibus
683 1903 761 1930 seu
797 1887 912 1929 iuste
945 1892 1146 1940 spectare
1177 1884 1429 1927 valentibus
1462 1884 1791 1939 quomodolibet
1829 1884 1873 1926 in
1906 1884 2104 1927 futurum
2136 1886 2247 1928 adeo

447 1962 580 2003 libere
612 1958 807 2014 plenarie
841 1959 1020 2011 Integre
1052 1954 1293 1997 honorifice
1331 1955 1442 1997 bene
1474 1961 1517 1997 et
1550 1954 1593 1996 in
1626 1969 1735 2010 pace
1774 1956 1825 1997 In
1859 1954 2065 1997 omnibus
2096 1960 2139 1997 et
2171 1969 2249 2010 per

447 2030 596 2072 omnia
636 2029 748 2071 sicut
781 2027 931 2082 aliqua
965 2033 1082 2068 terra
1115 2026 1235 2068 Infra
1275 2024 1443 2067 dictum
1481 2026 1671 2080 burgum
1701 2026 1756 2068 ad
1784 2024 2079 2067 feodifirmam
2118 2025 2248 2067 datur

447 2099 705 2143 conceditur
733 2105 810 2141 aut
833 2097 1085 2152 possidetur
1107 2095 1201 2138 sine
1227 2095 1531 2139 Reuocatione
1553 2094 1871 2138 reclamatione
1894 2101 1970 2137 aut
2002 2093 2247 2137 contradic-

446 2171 565 2213 tione
598 2169 779 2224 aliquali
814 2167 1040 2210 Facienda
1072 2166 1173 2209 inde
1207 2166 1440 2209 annuatim
1478 2166 1624 2209 dictus
1656 2167 1857 2208 Andreas
1887 2165 2072 2207 heredes
2105 2163 2171 2206 sui
2204 2170 2247 2206 et

447 2239 663 2294 assignati
695 2252 932 2293 suppremo
955 2236 1134 2280 domino
1166 2243 1320 2279 nostro
1354 2236 1466 2291 Regi
1499 2235 1736 2279 seruicium
1769 2234 2031 2290 burgagium
2054 2235 2108 2277 de
2130 2233 2248 2277 dicta

446 2319 563 2353 terra
585 2309 783 2360 debitum
802 2315 844 2351 et
863 2314 1127 2350 consuetum
1151 2313 1368 2361 quantum
1392 2306 1583 2362 pertinet
1601 2308 1657 2349 ad
1675 2307 1862 2349 eandem
1885 2305 1950 2347 Ac
1973 2304 2246 2347 Soluendum

447 2379 690 2434 capellanis
711 2377 937 2434 perpetuis
960 2377 1131 2433 collegij
1157 2377 1342 2420 ecclesie
1364 2376 1634 2432 parochialis
1655 2375 1772 2420 beati
1800 2374 2022 2430 Nicholaij
2048 2375 2101 2417 de
2122 2373 2248 2418 Abir-

446 2452 557 2493 dene
573 2464 709 2492 vnum
733 2463 930 2492 annuum
954 2448 1176 2491 redditum
1193 2447 1378 2503 triginta
1400 2447 1641 2491 solidorum
1658 2445 1827 2490 vsualis
1843 2450 2020 2488 monete
2038 2443 2176 2487 scotie
2193 2444 2248 2487 ad

447 2523 557 2563 duos
575 2519 679 2563 anni
695 2519 910 2562 terminos
926 2519 1105 2561 vsuales
1121 2524 1404 2574 pentecostes
1417 2517 1622 2561 videlicet
1639 2522 1682 2560 et
1700 2516 1843 2560 sancti
1861 2514 2039 2570 martinj
2060 2514 2104 2556 in
2120 2527 2248 2570 yeme

448 2605 524 2645 per
555 2590 735 2644 equales
767 2589 993 2644 portiones
1015 2595 1108 2632 tam
1132 2603 1210 2643 pro
1234 2587 1354 2630 omni
1377 2587 1452 2631 alii
1475 2586 1663 2630 seruicio
1695 2584 1884 2629 seculari
1907 2583 2138 2627 exactione
2170 2597 2247 2625 sou

448 2661 669 2702 demanda
692 2674 776 2713 que
798 2660 851 2702 de
873 2658 1070 2714 predicta
1092 2665 1209 2702 terra
1238 2674 1339 2702 cum
1363 2657 1648 2713 pertinenciis
1680 2655 1930 2711 aliqualiter
1952 2653 2065 2709 exigi
2088 2652 2247 2709 poterit

449 2737 525 2771 aut
554 2729 714 2784 requiri
749 2731 937 2784 Insuper
958 2729 1103 2772 dictus
1125 2730 1326 2772 Andreas
1348 2729 1533 2772 heredes
1565 2727 1632 2770 sui
1655 2733 1697 2770 et
1721 2724 1937 2781 assignati
1969 2737 2248 2780 possessores

450 2800 565 2841 dicte
596 2806 711 2841 terre
743 2800 930 2841 eandem
963 2799 1195 2842 annuatim
1228 2806 1377 2841 ement
1403 2799 1571 2842 dabunt
1603 2802 1862 2840 construent
1885 2801 1928 2838 et
1952 2793 2247 2836 meliorabunt

450 2883 526 2923 per
556 2869 700 2911 visum
733 2868 819 2911 mei
852 2870 1063 2912 heredum
1098 2884 1296 2912 meorum
1330 2876 1372 2911 et
1405 2868 1737 2924 capellanorum
1771 2865 1878 2909 dicti
1911 2862 2085 2919 collegii
2118 2863 2178 2905 Et
2211 2860 2247 2903 si

450 2938 679 2993 contingat
702 2939 869 2982 dictum
893 2941 1115 2982 Andream
1139 2940 1324 2983 heredes
1357 2954 1460 2982 suos
1483 2945 1558 2982 aut
1582 2937 1834 2993 assignatos
1857 2935 2042 2979 deficere
2065 2933 2109 2975 in
2132 2932 2247 2975 solu-
