2524 3418
157 2832 214 2864 sol.
237 2831 318 2864 109¹

460 286 541 329 270
821 275 1140 317 lustramentum
1172 276 1304 318 sasine
1334 277 1493 333 dominj
1523 278 1721 321 Iohannis
1759 280 1884 323 Waus

460 404 535 431 seu
579 389 692 431 iuste
734 397 934 444 spectare
971 391 1221 433 valentibus
1258 393 1586 446 quomodolibet
1624 393 1667 435 in
1704 395 1900 437 futurum
1938 395 2072 438 libere
2111 396 2258 451 quiete

459 458 654 512 plenarie
696 459 864 512 integre
907 461 1015 500 bene
1062 467 1104 500 et
1152 459 1194 500 in
1243 474 1350 514 pace
1395 461 1489 502 sine
1535 461 1853 516 impedimento
1900 465 2133 507 obstaculo
2181 472 2258 508 aut

458 527 740 568 reuocatione
778 527 1111 581 quibuscunque
1150 530 1557 583 QUAMOBREM
1596 531 1700 585 dictj
1740 539 1921 574 curatus
1957 539 2000 575 et
2037 534 2255 588 capellanj

458 603 500 637 et
535 611 685 638 eorum
720 611 999 638 successores
1031 598 1315 640 celebrabunt
1351 606 1426 640 aut
1461 600 1681 642 celebrare
1713 601 1875 644 facient
1907 617 2040 644 vnam
2073 603 2257 645 missam

459 679 536 719 pro
569 666 710 707 salute
744 666 890 707 anime
924 682 1019 708 mee
1052 676 1287 722 parentum
1317 676 1359 710 et
1389 670 1720 712 benefactorum
1756 686 1955 714 meorum
1986 679 2028 714 et
2058 672 2257 715 omnium

461 735 655 776 fidelium
709 735 1016 778 defunctorum
1070 739 1186 792 apud
1239 739 1378 780 altare
1431 740 1572 794 sanctj
1623 741 1801 796 martinj
1851 741 1962 784 infra
2013 742 2257 796 predictam

458 805 691 846 ecclesiam
727 806 940 848 situatum
965 807 1008 848 in
1042 807 1110 848 die
1133 808 1356 851 dominico
1388 809 1574 863 singulis
1606 811 1897 853 hebdomadis
1929 811 2257 866 imperpetuum

457 876 519 915 Ac
543 875 676 915 etiam
701 875 903 917 faciendo
926 877 1027 918 inde
1049 878 1281 919 annuatim
1310 894 1514 933 supreme
1546 880 1723 921 domine
1753 888 1903 922 nostre
1926 881 2075 935 regine
2098 888 2140 923 et
2164 881 2258 923 suis

459 945 790 986 successoribus
823 946 1053 988 seruitium
1088 947 1350 1001 burgagium
1375 949 1475 990 inde
1498 949 1694 991 debitum
1719 957 1760 991 et
1785 957 2047 992 consuetum
2079 956 2256 992 tantum

458 1025 534 1064 pro
557 1012 676 1066 omnj
702 1012 788 1054 alio
811 1027 942 1054 onere
966 1014 1147 1056 seruitio
1170 1016 1355 1070 secularj
1385 1016 1616 1058 exactione
1639 1032 1716 1058 seu
1740 1019 1959 1060 demanda
1982 1033 2065 1072 que
2089 1019 2141 1060 de
2163 1032 2258 1072 pre-

457 1079 575 1120 dicto
597 1094 745 1121 annuo
768 1081 940 1122 redditu
964 1096 1064 1122 cum
1089 1082 1369 1136 pertinentiis
1395 1083 1646 1137 aliqualiter
1667 1085 1779 1139 exigj
1805 1085 1965 1140 poterit
1993 1092 2069 1128 aut
2095 1085 2254 1140 requirj

459 1148 517 1188 Et
552 1161 632 1201 ego
667 1162 771 1189 uero
805 1149 950 1190 dictus
992 1150 1199 1192 dominus
1229 1152 1434 1201 ‚Ioannes
1465 1167 1576 1194 vaus
1618 1153 1802 1195 heredes
1836 1153 1920 1208 mej
1958 1160 2000 1196 et
2038 1153 2254 1209 assignatj

456 1221 599 1256 totum
636 1223 677 1256 et
713 1215 933 1270 integrum
969 1217 1137 1259 dictum
1175 1233 1374 1260 annuum
1408 1220 1628 1262 redditum
1666 1221 1902 1275 vigintisex
1936 1222 2177 1264 solidorum
2214 1229 2258 1264 et

456 1290 556 1324 octo
588 1283 869 1325 denariorum
903 1292 1079 1327 monete
1111 1286 1334 1328 antedicte
1367 1287 1599 1329 annuatim
1633 1288 1871 1330 leuandum
1906 1290 1958 1331 de
1990 1296 2086 1331 tota
2118 1296 2161 1331 et
2194 1289 2257 1331 in—

456 1359 579 1405 tegra
602 1359 718 1394 terra
741 1368 840 1395 mea
862 1361 904 1395 et
923 1355 1051 1396 horto
1074 1355 1272 1397 eiusdem
1306 1357 1619 1412 suprascriptis
1642 1372 1742 1399 cum
1766 1358 2046 1412 pertinentiis
2075 1359 2258 1414 prefatis

455 1427 608 1461 curato
631 1428 673 1461 et
697 1421 940 1475 capellanis
962 1430 1005 1464 et
1028 1424 1268 1465 eorundem
1296 1425 1627 1467 successoribus
1649 1425 1692 1467 in
1716 1426 1922 1468 omnibus
1944 1433 1986 1468 et
2009 1441 2086 1481 per
2107 1427 2257 1470 omnia

454 1489 594 1531 forma
617 1489 780 1543 pariter
801 1497 843 1531 et
867 1491 1026 1532 effectu
1048 1498 1093 1532 vt
1117 1491 1384 1545 premissum
1408 1500 1474 1534 est
1497 1500 1652 1535 contra
1685 1508 1840 1535 omnes
1863 1495 2075 1536 mortales
2100 1509 2256 1537 varan-

455 1558 692 1600 tizabimus
721 1559 1075 1612 acquietabimus
1104 1566 1146 1601 et
1177 1560 1505 1615 imperpetuum
1536 1561 1822 1603 defendemus
1852 1562 2057 1604 omnibus
2085 1562 2186 1604 dolo
2213 1569 2256 1604 et

452 1627 605 1669 fraude
638 1628 822 1670 seclusis
847 1630 899 1670 In
922 1629 1048 1670 cuius
1070 1629 1130 1683 rej
1155 1629 1463 1672 testimonium
1494 1630 1595 1672 huic
1619 1631 1812 1685 presentj
1849 1631 2002 1673 charte
2033 1630 2255 1673 fundatio-

454 1695 522 1737 nis
545 1711 641 1738 mee
665 1696 987 1751 subscriptione
1011 1711 1109 1739 mea
1133 1698 1330 1752 manualj
1360 1698 1608 1754 subscripte
1632 1699 1827 1754 sigillum
1856 1688 2010 1741 meum*
2028 1699 2254 1754 proprium

453 1779 625 1807 necnon
668 1765 862 1820 sigillum
905 1766 1177 1808 honorabilis
1212 1767 1291 1822 virj
1330 1768 1504 1822 gilberti
1547 1769 1777 1823 malysone
1817 1768 1948 1811 vnius
1988 1769 2254 1812 balliuorum

453 1834 557 1889 dictj
598 1835 722 1889 burgi
758 1850 808 1877 ac
841 1835 1009 1877 datoris
1051 1836 1198 1878 sasine
1241 1836 1456 1892 eiusmodj
1493 1844 1595 1879 sunt
1634 1852 1830 1892 appensa
1864 1828 1994 1892 Apud
2038 1839 2255 1881 aberdene

453 1903 682 1957 Vigesimo
715 1905 908 1946 secundo
941 1904 1010 1946 die
1043 1904 1210 1946 mensis
1242 1905 1394 1959 aprilis
1426 1921 1544 1948 anno
1576 1906 1742 1960 dominj
1778 1906 2016 1948 millesimo
2043 1906 2255 1962 quingen-

452 1973 612 2015 tesimo
635 1973 1002 2028 quinquagesimo
1024 1974 1161 2016 tercio
1185 1976 1346 2017 Coram
1365 1976 1554 2018 testibus
1571 1977 1822 2018 Alexandro
1840 1977 2071 2032 malysone
2089 1978 2255 2020 andrea

453 2043 626 2085 harrow
654 2043 892 2086 alexandro
919 2045 1003 2099 kay
1029 2044 1208 2086 henrico
1241 2045 1406 2100 nachty
1432 2045 1643 2087 vilhelmo
1677 2046 1857 2102 barclay
1886 2061 1972 2088 vno
2003 2046 2254 2101 sergiando-

452 2127 548 2154 rum
577 2113 681 2168 dictj
714 2114 837 2168 burgj
870 2121 912 2156 et
943 2114 1158 2169 magistro
1193 2116 1361 2157 Ioanne
1388 2116 1592 2170 kennedy
1619 2116 1762 2158 scriba
1795 2116 2020 2171 communj
2055 2116 2253 2159 eiusdem

453 2181 577 2236 burgj
602 2197 703 2224 cum
727 2183 914 2225 diuersis
936 2183 1035 2226 aliis
1058 2183 1130 2226 Sic
1155 2185 1445 2227 subscribitur
1476 2185 1682 2228 dominus
1716 2187 1908 2228 Ioannes
1940 2187 2084 2229 Waus
2117 2200 2253 2228 manu

452 2251 628 2307 propria

631 2369 728 2411 Hec
751 2375 818 2411 est
839 2383 944 2411 vera
966 2369 1092 2424 copia
1115 2369 1297 2412 alterius
1319 2376 1439 2412 carte
1461 2369 1718 2424 principalis
1739 2369 2012 2412 fundationis
2035 2368 2253 2412 Collacio-

581 2448 587 2454 ·
629 2444 736 2479 nata
757 2451 834 2491 per
856 2452 926 2479 me
948 2437 1171 2480 notarium
1194 2437 1421 2492 publicum
1449 2437 1748 2492 subscriptum

563 2499 567 2508 '
745 2507 815 2547 Ita
851 2512 917 2547 est
952 2505 1165 2560 magister
1200 2507 1393 2548 Ioannes
1427 2506 1630 2561 kennedy
1662 2504 1862 2548 notarius
1898 2505 2102 2560 publicus
2137 2511 2253 2548 teste

859 2587 995 2615 manu
1017 2573 1192 2628 propria

501 2366 543 2532 uqumfi

554 2392 586 2495 osum

1252 2725 1463 2767 CXXXI.

526 2817 563 2857 N
590 2817 658 2859 dei
681 2817 859 2859 nomine
876 2819 1019 2859 Arnen
1043 2818 1126 2858 Per
1148 2817 1231 2859 hoc
1254 2832 1435 2871 presens
1458 2816 1682 2872 publicum
1711 2816 2057 2858 instrumentum
2081 2815 2254 2858 cunctis

583 2893 732 2941 pateat
767 2886 996 2928 euidenter
1031 2893 1074 2928 et
1107 2885 1163 2927 sit
1196 2892 1351 2928 notum
1385 2887 1501 2940 quod
1533 2900 1650 2928 anno
1682 2884 2003 2928 incarnationis
2034 2884 2254 2928 dominice
