2524 3418
228 561 283 590 fol.
303 564 320 590 ‘2
355 559 365 577 '⁸

522 306 575 359 56
752 306 1007 347 Prcscntacio
1038 306 1236 346 Iohannis
1267 306 1315 346 H
1319 319 1498 358 onysonc
1529 306 1584 347 ad
1613 307 1743 348 altare
1774 307 1921 349 Sancte
1955 308 2096 351 Crucis

1349 454 1494 496 XXX.

634 550 935 592 NIUERSIS
958 554 1107 602 pateat
1131 562 1208 601 per
1229 553 1457 601 presentes
1480 561 1550 589 me
1573 547 1877 590 allexandrum
1901 548 2113 604 howyson
2136 551 2321 605 burgen-

679 634 771 661 sem
789 619 910 672 burgi
927 620 979 660 de
995 619 1242 660 abberdene
1258 624 1539 672 presentasse
1554 624 1596 659 et
1611 624 1763 660 tenore
1778 618 2056 673 presencium
2067 626 2322 674 presentare

521 690 760 732 discretum
783 688 925 731 virum
957 688 1187 730 dominum
1220 687 1525 730 allexandrum
1549 688 1663 731 Club
1695 688 1976 742 capellanum
2005 689 2322 732 aberdonensis

521 759 748 801 dioceseos
780 759 834 800 ad
867 757 1104 799 seruicium
1142 756 1388 811 capellanie
1424 757 1578 799 decern
1613 771 1861 799 mercarum
1896 771 2144 800 annuorum
2181 758 2322 801 reddi-

522 835 647 870 tuum
681 842 757 881 per
789 841 858 868 me
890 827 1071 868 fundate
1103 827 1157 869 ad
1190 826 1330 868 altare
1362 832 1515 868 sancte
1550 825 1693 868 crucis
1714 826 1938 881 wlgariter
1969 827 2250 870 nominatum
2282 828 2322 870 le

523 899 686 939 broune
715 895 852 938 croiss
880 895 1095 938 situatum
1126 895 1169 936 in
1198 895 1387 937 ecelesia
1415 894 1658 949 parochiali
1687 895 1804 938 beati
1833 895 2025 951 nicholaj
2057 896 2163 939 dicti
2196 897 2322 952 burgi

523 966 701 1019 Sibique
731 965 896 1007 dictam
930 964 1223 1019 capellaniam
1254 970 1296 1006 et
1326 963 1562 1006 seruicium
1590 964 1788 1006 eiusdem
1811 979 1912 1007 eum
1934 965 2151 1008 fructibus
2183 965 2322 1008 firmis

522 1044 564 1078 et
592 1035 952 1090 peruenientibus
985 1036 1224 1077 eorundem
1258 1034 1511 1089 assignasse
1544 1041 1586 1077 et
1619 1050 1696 1090 per
1727 1042 1956 1090 presentes
1985 1035 2213 1091 assignare
2244 1051 2322 1091 pro

522 1112 616 1147 toto
648 1112 846 1158 tempore
868 1104 957 1146 vite
987 1119 1064 1146 sue
1096 1119 1197 1146 cum
1230 1104 1486 1146 omnimoda
1508 1111 1730 1158 potestate
1757 1105 1899 1147 dictos
1928 1119 2100 1147 annuos
2125 1105 2323 1148 redditus

523 1189 623 1216 cum
654 1174 939 1228 pertinenciis
971 1174 1147 1216 leuandi
1180 1174 1450 1228 percipiendi
1473 1189 1550 1228 pro
1573 1174 1827 1229 eisdemque
1849 1175 2141 1230 distringendi
2163 1176 2322 1230 agendi

523 1252 565 1286 et
588 1245 849 1286 defendendi
873 1259 923 1287 ac
946 1245 1096 1287 omnia
1118 1244 1205 1286 alia
1231 1251 1273 1286 et
1301 1244 1475 1298 singula
1500 1244 1689 1286 faciendi
1718 1244 1897 1299 gerendi
1920 1252 1962 1286 et
1986 1245 2216 1287 exercendi
2239 1259 2323 1299 que

522 1314 565 1355 in
588 1313 979 1356 administracione
1001 1314 1117 1355 dicte
1139 1313 1385 1368 capellanie
1414 1314 1658 1355 secundum
1680 1320 1880 1356 tenorem
1903 1320 2023 1356 carte
2044 1314 2324 1356 fundacionis

521 1383 718 1426 eiusdem
756 1383 1007 1426 necessaria
1042 1383 1215 1425 fuerant
1248 1397 1326 1425 seu
1358 1383 1687 1437 quomodolibet
1725 1390 1974 1438 opportuna
2012 1385 2063 1426 In
2100 1383 2227 1426 cuius
2261 1384 2323 1426 rei

520 1453 826 1495 testimonium
865 1453 1070 1507 Sigillum
1109 1467 1257 1494 meum
1300 1451 1580 1507 presentibus
1616 1459 1683 1495 est
1721 1467 1968 1507 appensum
2005 1454 2122 1507 apud
2154 1452 2322 1495 dietum

520 1524 707 1577 burgum
750 1524 803 1565 de
845 1524 1093 1566 abberdene
1135 1522 1292 1564 vltimo
1338 1522 1407 1564 die
1449 1522 1616 1564 mensis
1668 1522 1943 1578 Septembris
1993 1537 2110 1566 anno
2155 1522 2322 1566 domini

522 1592 758 1635 millesimo
789 1591 1227 1647 quadringentesimo
1259 1591 1536 1646 sexagesimo
1569 1591 1711 1647 primo

1338 1789 1511 1830 XXXI.

635 1882 938 1925 NIUERSIS
960 1887 1002 1923 et
1026 1881 1213 1935 singulis
1235 1882 1291 1923 ad
1314 1895 1500 1935 quorum
1530 1880 1720 1922 noticias
1742 1886 1971 1935 presentes
1992 1880 2118 1923 litere
2139 1895 2322 1936 peruen-

691 1951 802 1993 erint
835 1951 1087 2006 prepositus
1118 1951 1325 1993 consules
1346 1957 1389 1992 et
1412 1950 1563 2005 balliuj
1599 1950 1725 2005 burgi
1754 1951 1807 1992 de
1839 1951 2087 1993 abberdene
2119 1951 2321 1994 Salutem

525 2023 672 2077 Quum
703 2021 824 2076 pium
848 2021 904 2062 sit
927 2027 970 2063 et
1003 2020 1278 2063 meritorium
1302 2020 1430 2063 fidele
1458 2019 1767 2062 testimonium
1789 2019 1965 2075 veritatj
1997 2026 2040 2062 et
2063 2020 2256 2064 maxime
2277 2020 2321 2063 in

522 2092 609 2146 hijs
640 2093 770 2133 rebus
802 2091 846 2132 in
879 2090 1038 2145 quibus
1070 2090 1311 2133 occultatio
1341 2089 1543 2132 Veritatis
1574 2089 1800 2144 innocentj
1835 2089 1975 2144 possit
2007 2090 2251 2145 dampnum
2278 2097 2321 2133 et

522 2160 811 2215 preiudicium
834 2175 1045 2215 generare
1067 2161 1171 2203 hinc
1193 2167 1260 2203 est
1283 2161 1398 2215 quod
1421 2175 1570 2203 coram
1599 2160 1727 2202 nobis
1747 2159 2040 2215 personaliter
2060 2174 2324 2216 comparens

524 2231 735 2287 prouidus
775 2231 841 2273 vir
881 2231 1136 2273 allexander
1174 2231 1414 2286 howysone
1450 2230 1568 2272 filius
1603 2236 1646 2272 et
1682 2230 1811 2272 heres
1844 2230 2068 2284 quondam
2107 2229 2323 2272 Iohannis

526 2302 764 2356 howysone
786 2301 1018 2356 burgensis
1040 2301 1146 2344 dicti
1179 2301 1304 2356 burgi
1334 2300 1461 2343 nobis
1487 2299 1688 2355 exposuit
1712 2305 1754 2342 et
1786 2299 2030 2342 declarauit
2063 2313 2109 2341 se
2140 2298 2185 2340 in
2217 2313 2322 2354 aug-

525 2377 726 2412 mentum
760 2371 908 2412 cultus
939 2370 1078 2413 diuini
1101 2377 1143 2413 et
1166 2385 1244 2426 pro
1267 2370 1411 2413 salute
1433 2369 1683 2413 animarum
1715 2368 1854 2424 patris
1876 2368 1944 2411 sui
1966 2368 2212 2423 matrisque
2244 2383 2322 2411 sue

525 2454 690 2494 sueque
722 2439 870 2482 anime
903 2446 945 2482 et
976 2440 1166 2483 Isabelle
1195 2440 1397 2483 Culanne
1429 2453 1590 2495 sponse
1616 2453 1694 2481 sue
1722 2444 2045 2494 parentumque
2076 2437 2321 2481 amicorum

525 2517 857 2553 antecessorum
900 2510 1089 2565 prolium
1132 2516 1175 2552 et
1217 2524 1526 2552 successorum
1568 2523 1748 2551 suorum
1790 2522 1842 2551 ac
1883 2507 2083 2550 omnium
2124 2507 2320 2550 fidelium

524 2581 833 2623 defunctorum
870 2580 1043 2623 dedisse
1079 2580 1355 2623 concessisse
1386 2581 1468 2623 deo
1500 2578 1792 2634 omnipotentj
1827 2583 1870 2620 et
1902 2576 1997 2620 eius
2029 2577 2159 2633 matrj
2195 2577 2323 2620 beate

525 2650 662 2693 marie
684 2650 841 2705 virgini
865 2657 907 2693 et
930 2650 1136 2693 omnibus
1159 2650 1327 2693 sanctis
1349 2656 1392 2693 et
1415 2649 1542 2704 altarj
1569 2655 1723 2692 sancte
1746 2648 1889 2691 crucis
1909 2653 2066 2691 vocate
2088 2648 2128 2690 le
2156 2648 2322 2691 broune

525 2720 665 2762 croise
697 2720 863 2763 situato
886 2720 929 2761 in
953 2720 1141 2763 ecclesia
1167 2719 1412 2775 parochiali
1434 2719 1552 2763 beati
1581 2718 1742 2761 nicolai
1772 2716 2038 2760 confessoris
2060 2715 2166 2760 dicti
2196 2716 2321 2771 burgi

526 2803 577 2831 ac
600 2788 779 2831 domino
811 2789 1066 2832 allexandro
1090 2789 1203 2833 Club
1233 2789 1464 2844 capellano
1495 2802 1573 2843 pro
1594 2794 1690 2831 toto
1721 2793 1920 2842 tempore
1940 2786 2031 2830 vite
2062 2799 2140 2829 sue
2171 2785 2322 2828 diuina

525 2857 687 2901 ibidem
720 2859 961 2902 celebranti
993 2864 1036 2901 et
1068 2873 1146 2914 pro
1177 2864 1391 2913 perpetuo
1413 2857 1645 2912 capellano
1676 2856 1839 2900 ibidem
1862 2856 2137 2899 celebraturo
2168 2855 2320 2897 decem

527 2941 698 2970 mercas
735 2927 871 2970 annui
913 2927 1112 2970 redditus
1146 2927 1315 2970 vsualis
1352 2933 1528 2969 monete
1565 2926 1709 2969 scocie
1751 2925 1985 2968 annuatim
2023 2929 2234 2966 exeuntes
2269 2923 2322 2965 de
