2524 3418
942 324 1073 366 Carta
1103 323 1233 364 thome
1263 323 1465 364 chawmer
2031 339 2049 366 1
2057 339 2080 367 2
2086 340 2109 378 3
2128 319 2133 330 ’

307 437 359 477 de
382 437 537 478 eadem
559 443 677 478 terra
699 452 801 479 cum
820 437 1106 492 pertinenciis
1123 439 1252 480 Vnde
1270 439 1378 480 hora
1401 438 1486 480 diei
1510 437 1706 493 legitime
1729 446 1963 493 expectata
1985 440 2109 482 nulla

303 510 429 558 parte
470 511 757 559 comparente
798 519 880 548 nec
919 506 1251 548 contradicente
1305 506 1512 548 omnibus
1565 507 1788 548 Interesse
1840 507 2110 549 habentibus

302 572 522 627 legittime
553 573 724 615 vocatis
756 580 798 616 et
831 588 920 616 non
952 575 1316 629 comparentibus
1347 574 1494 617 dictus
1526 574 1734 617 dominus
1760 574 1893 617 dauid
1916 575 2108 630 porrexit

301 641 496 696 plegium
520 641 564 683 in
590 642 798 684 manibus
820 643 1053 698 normandj
1079 643 1218 698 lesley
1240 643 1471 698 sergeandi
1504 644 1620 698 quod
1652 643 1747 698 ipse
1770 658 1955 686 causam
1979 659 2107 687 suam

298 710 491 752 obtinuit
528 710 573 751 in
609 711 945 766 recuperatione
982 711 1268 766 proprietatis
1299 711 1418 754 dicta
1449 717 1565 754 terre
1596 718 1722 754 vaste
1754 726 1857 754 cum
1890 712 1982 754 suis
2014 726 2108 767 per-

301 779 509 821 tinenciis
533 780 681 835 Quare
704 780 932 822 decretum
963 779 1045 821 fuit
1078 794 1156 834 per
1187 779 1356 825 curiam
1389 786 1432 822 et
1466 781 1620 822 datum
1653 794 1732 834 pro
1766 779 1937 822 Iudicio
1959 795 2037 834 per
2058 795 2108 822 os

299 846 527 890 alexandri
548 847 765 890 tailzeour
796 847 1062 890 Iudicatoris
1088 848 1207 890 curie
1231 849 1347 902 quod
1369 848 1515 890 dictus
1537 848 1745 891 dominus
1771 848 1904 891 dauid
1926 848 2106 891 nomine

298 916 518 958 dictorum
550 915 884 970 capellanorum
917 915 1235 971 proprietatem
1268 916 1436 970 prefate
1469 923 1583 958 terre
1606 923 1732 959 vaste
1761 932 1863 959 cum
1891 917 1983 960 suis
2012 932 2106 973 per-

297 983 504 1026 tinenciis
533 983 731 1038 legitime
760 984 1040 1039 recuperauit
1070 985 1124 1026 ob
1155 990 1198 1026 et
1227 991 1406 1039 propter
1433 985 1655 1028 defectum
1685 986 1926 1028 solucionis
1955 986 2106 1029 huius-

297 1052 416 1094 modi
449 1052 586 1094 annui
617 1051 818 1094 redditus
840 1066 974 1107 super
995 1051 1156 1106 quibus
1188 1053 1395 1095 omnibus
1424 1059 1467 1094 et
1500 1053 1689 1108 singulis
1720 1054 1866 1096 dictus
1898 1054 2106 1097 dominus

296 1119 430 1162 dauid
481 1134 578 1162 mar
626 1126 805 1162 nostras
852 1120 1005 1162 literas
1050 1119 1378 1162 testimoniales
1425 1120 1582 1175 sigillis
1633 1122 1797 1164 nostris
1847 1123 2107 1166 roborandis

293 1202 485 1230 vnacum
509 1187 836 1243 subscriptione
858 1187 1020 1243 notarij
1052 1188 1217 1243 publici
1249 1189 1487 1244 subscripti
1516 1190 1772 1233 reuerencia
1794 1192 1942 1234 debita
1971 1193 2104 1247 peciit

293 1270 405 1311 quas
434 1255 578 1298 eidem
611 1256 847 1299 caritatiue
880 1256 1185 1299 concessimus
1216 1271 1334 1300 anno
1367 1257 1436 1299 die
1469 1272 1622 1301 mense
1654 1266 1697 1301 et
1729 1259 1826 1302 loco
1859 1262 2106 1315 prenotatis

294 1323 544 1366 Indictione
576 1331 702 1367 sexta
741 1324 1047 1379 pontifficatus
1087 1325 1361 1367 sanctissimi
1400 1326 1444 1367 in
1485 1327 1652 1369 christo
1690 1328 1830 1382 patris
1862 1335 1905 1371 et
1938 1330 2106 1372 domini

292 1392 432 1435 nostri
455 1392 623 1435 domini
645 1393 787 1435 leonis
809 1407 923 1448 pape
945 1393 1105 1435 decimi
1139 1408 1256 1436 anno
1286 1401 1444 1449 quarto
1467 1402 1569 1437 acta
1593 1403 1718 1438 erant
1741 1397 1823 1439 hec
1846 1396 1891 1438 in
1913 1399 2106 1452 pretorio

292 1461 519 1504 antedicto
556 1462 665 1503 hora
696 1461 933 1504 vndecima
969 1468 1074 1504 ante
1111 1462 1340 1505 meridiem
1379 1463 1661 1517 presentibus
1700 1465 1870 1507 Ibidem
1905 1466 2107 1510 honestis

291 1536 334 1572 et
367 1530 603 1585 fidedignis
633 1529 739 1572 viris
770 1530 928 1572 thoma
956 1545 1081 1572 waus
1110 1531 1244 1573 dauid
1273 1546 1369 1574 mar
1397 1532 1575 1575 Iuniore
1605 1534 1846 1576 alexandro
1868 1543 2104 1579 wentoune

291 1598 474 1641 waltero
515 1598 759 1640 howosoun
800 1599 976 1641 roberto
1018 1613 1198 1641 menzes
1239 1600 1534 1654 burgensibus
1575 1601 1682 1643 dicti
1725 1603 1849 1658 burgj
1893 1604 2102 1647 willelmo

291 1666 565 1722 scrimgeour
595 1666 731 1709 dauid
764 1667 933 1709 henrici
966 1673 1009 1710 et
1040 1667 1225 1710 waltero
1258 1668 1496 1711 allansoun
1529 1671 1787 1724 sergeandis
1824 1672 2015 1716 testibus
2047 1675 2102 1716 ad

292 1735 510 1790 premissa
530 1734 703 1778 vocatis
725 1735 891 1790 pariter
912 1750 997 1790 que
1019 1742 1062 1778 et
1085 1737 1254 1791 rogatis

465 1852 525 1894 Et
548 1867 629 1907 ego
662 1865 767 1893 uero
793 1851 1018 1894 Iohannes
1042 1851 1287 1907 Striueling
1308 1855 1540 1909 presbyter
1574 1855 1730 1897 Sancti
1764 1857 1928 1899 andree
1961 1856 2103 1899 sacris

464 1919 809 1962 auctoritatibus
855 1919 1076 1975 imperiali
1124 1926 1167 1962 et
1209 1921 1348 1976 regali
1391 1922 1592 1965 notarius
1634 1923 1839 1978 publicus
1882 1924 2102 1968 dictorum

462 2003 773 2044 processorum
827 1988 1010 2031 dictioni
1057 1988 1225 2031 lecture
1267 1990 1515 2045 ceterisque
1565 1992 1772 2035 omnibus
1821 1999 1864 2035 et
1914 1993 2102 2049 singulis

599 2090 608 2099 .
642 2056 705 2099 sic
758 2057 863 2099 dum
916 2063 964 2099 ut
1007 2057 1245 2112 premittur
1286 2057 1535 2101 dicerenter
1577 2067 1816 2115 agerentur
1857 2068 1900 2104 et
1942 2062 2099 2104 fierent

461 2139 654 2168 vnacum
688 2124 1013 2180 prenominatis
1046 2125 1238 2168 testibus
1271 2141 1455 2181 presens
1490 2128 1667 2171 interfui
1704 2136 1838 2185 atque
1872 2131 2024 2174 omnia
2057 2138 2099 2174 et

463 2194 640 2249 singula
662 2193 725 2236 sic
747 2193 840 2249 fierj
864 2193 934 2236 vel
956 2193 1160 2236 facienda
1183 2200 1226 2236 et
1249 2195 1401 2238 audiui
1424 2202 1467 2238 et
1490 2196 1534 2238 in
1569 2230 1757 2240 .....

686 2310 982 2351 Testimonium
1007 2311 1163 2352 notarii
1183 2312 1344 2366 publici
1369 2313 1451 2368 legi
1475 2327 1557 2355 non
1577 2318 1706 2369 potest

1086 2504 1307 2546 LXVIII.

418 2596 667 2640 MNIBUS
708 2596 825 2639 hanc
867 2597 1052 2640 Cartam
1094 2597 1255 2640 visuris
1295 2599 1364 2640 vel
1406 2600 1625 2642 audituris
1664 2601 1880 2656 Magister
1915 2603 2096 2646 thomas
2127 2616 2272 2650 ῐο1.5ο2

485 2665 709 2708 chawmer
743 2666 939 2709 Curatus
975 2672 1019 2708 et
1056 2666 1274 2721 capellanj
1315 2667 1437 2710 chori
1478 2669 1664 2711 ecclesie
1696 2670 1966 2724 parochialis
2002 2671 2093 2726 diuj

286 2731 465 2788 nicolaij
500 2735 553 2776 de
585 2734 766 2777 abirden
800 2736 1018 2778 Eternam
1042 2736 1086 2778 in
1109 2736 1290 2779 domino
1323 2737 1515 2781 salutem
1539 2740 1767 2782 Noueritis
1799 2755 1880 2782 nos
1901 2741 2095 2785 Vtilitate

286 2809 440 2846 nostra
462 2810 505 2845 et
527 2811 779 2847 nostrorum
813 2820 1121 2848 successorum
1144 2806 1189 2848 in
1212 2807 1297 2849 hac
1319 2815 1444 2862 parte
1473 2809 1708 2864 diligenter
1739 2810 2019 2853 considerata
2051 2818 2094 2853 et

285 2874 343 2916 ad
373 2874 556 2928 plenum
588 2874 817 2918 intellecta
851 2876 1026 2919 dedisse
1063 2877 1339 2939 concessisse
1372 2886 1414 2921 et
1448 2881 1504 2921 ad
1535 2880 1833 2922 feudifirmam
1871 2881 2094 2923 dimisisse

277 2941 592 2993 duxtabtenore
624 2946 844 2999 presentis
875 2954 996 2994 carte
1028 2954 1179 2997 nostre
1215 2949 1320 2996 dare
1357 2951 1598 2995 concedere
1633 2957 1675 2993 et
1707 2952 1763 2997 ad
1793 2951 2091 2994 feudifirmam
