2524 3418
186 445 307 476 Obitus
323 455 427 486 quon-

183 489 260 518 bam
279 488 364 519 bone
378 499 444 519 me-

184 532 286 562 morie
304 532 430 562 domini

183 575 353 605 alexandri
372 586 426 606 vo-

182 626 235 649 cat
253 619 418 660 capellanj

180 1560 301 1592 Obitus
317 1569 422 1602 quon-

180 1604 257 1634 dam
275 1603 415 1644 philippi

180 1647 331 1678 dunbrek
347 1654 380 1678 et

181 1691 323 1731 Agnetis
340 1690 423 1721 dun-

181 1744 330 1765 cansone
347 1734 419 1765 eius

182 1787 304 1819 sponse

182 2463 303 2494 Obitus
320 2472 424 2504 quon-

179 2506 257 2537 dam
274 2506 361 2538 bone

180 2549 340 2580 memorie

182 2592 340 2624 Mariorie

181 2635 293 2667 fechat
310 2642 343 2667 et

183 2679 345 2710 Iohannis

183 2722 410 2753 Hutchonson

936 331 1107 372 Rentale
1138 330 1320 371 obituum
1351 335 1387 371 et
1416 329 1816 371 Amziuersariorum

480 345 502 372 Ν

509 344 530 372 Ν

536 332 561 372 Οἱ

594 446 754 488 Obitus
785 447 1007 500 quondam
1041 446 1153 485 bone
1186 443 1398 485 memorie
1431 443 1597 486 domini
1628 444 1865 486 Alexandri
1887 451 2017 487 vocat
2041 446 2270 501 Capellanj

479 514 686 556 altarium
727 522 982 555 sanctorum
1030 512 1245 553 Iohannis
1288 512 1479 566 baptiste
1521 519 1562 553 et
1607 512 1789 566 Ninianj
1835 514 2098 555 confessoris
2136 515 2275 556 Cuius

477 584 806 625 anniuersarius
843 583 1138 624 celebrabitur
1171 584 1225 623 ad
1259 582 1426 623 dictum
1465 583 1605 624 altare
1643 583 1786 624 sancti
1826 584 2040 625 Iohannis
2082 585 2273 639 baptiste

477 653 663 707 singulis
684 653 812 694 annis
847 653 1182 706 Imperpetuum
1206 652 1428 693 dominica
1461 653 1655 693 secunda
1678 659 1776 705 post
1800 653 1968 706 pascha
1998 654 2111 695 Cum
2135 654 2273 696 missa

475 724 527 764 de
546 730 650 763 nota
669 729 709 763 et
728 721 942 775 trigintali
966 735 1042 775 per
1063 720 1343 763 ebdomidam
1368 728 1626 775 sequentem
1646 735 1723 774 pro
1746 721 1896 763 anima
1918 721 2021 775 dictj
2048 723 2271 776 quondam

475 792 641 834 domini
674 791 910 844 Alexandrj
948 793 1135 845 Insuper
1163 791 1380 845 capellani
1414 791 1585 845 collegij
1621 791 1762 844 sanctj
1798 791 2006 845 nicholaij
2042 792 2272 834 annuatim

475 862 674 904 tabulam
708 861 885 902 solitam
919 875 1050 914 super
1082 860 1407 902 monimentum
1441 860 1670 902 situabunt
1704 860 1939 902 luminaria
1966 861 2193 902 inuenient
2226 867 2274 903 ut

476 931 610 972 moris
642 938 708 972 est
741 930 785 972 ir1
808 930 1061 972 huiusmodi
1094 929 1400 972 anniuersario
1433 936 1667 984 ceteraque
1702 929 2014 971 Incumbentia
2046 929 2274 984 perficient

478 1002 562 1042 Pro
599 1001 758 1055 quibus
799 1000 902 1053 dictj
947 999 1164 1054 capellanj
1210 999 1491 1042 infeodantur
1531 999 1575 1041 in
1612 1014 1699 1041 vno
1736 1013 1884 1041 annuo
1921 999 2095 1042 redditu
2132 999 2274 1042 decim

477 1071 716 1112 solidorum
750 1072 802 1112 de
834 1069 961 1112 terris
999 1069 1286 1124 sequentibus
1317 1069 1521 1111 videlicet
1555 1071 1608 1111 de
1639 1076 1755 1112 terra
1793 1069 1898 1111 olim
1930 1069 2099 1111 walteri
2131 1069 2275 1111 thom-

476 1154 582 1182 sone
619 1140 662 1181 in
699 1141 796 1182 vico
832 1140 1055 1182 furcarum
1091 1154 1143 1181 ex
1179 1139 1444 1182 occidentali
1479 1147 1603 1194 parte
1640 1139 1839 1181 eiusdem
1877 1139 2069 1194 quinque
2111 1138 2277 1181 solidos

478 1211 544 1252 De
576 1218 692 1252 terra
731 1210 881 1252 Iacobi
919 1210 1155 1252 collistoun
1197 1224 1280 1263 que
1317 1209 1398 1252 fuit
1431 1210 1536 1252 olim
1574 1209 1706 1252 dauid
1741 1211 1998 1252 robertsone
2031 1224 2083 1251 ex
2119 1210 2275 1251 eadem

476 1287 600 1334 parte
623 1279 706 1333 vicj
732 1279 944 1333 antedictj
971 1279 1264 1333 quadraginta
1287 1279 1492 1321 denarios
1523 1280 1582 1321 Et
1606 1280 1658 1321 de
1681 1286 1797 1321 terra
1822 1278 2036 1321 Iohannis
2059 1278 2275 1320 collisoun

474 1349 546 1391 vbi
588 1349 760 1392 habitat
805 1350 1029 1391 Iohannes
1066 1349 1282 1391 malisone
1318 1364 1370 1390 ex
1407 1350 1561 1391 eadem
1599 1355 1725 1403 parte
1760 1349 1958 1391 eiusdem
1995 1348 2078 1402 vicj
2118 1347 2272 1403 vigintj

476 1418 681 1461 denarios

592 1556 752 1599 Obitus
803 1557 1026 1610 quondam
1079 1556 1191 1598 bone
1244 1555 1456 1598 memorie
1507 1555 1693 1610 philippi
1747 1556 1962 1598 Dunbrek
2007 1562 2050 1598 et
2091 1555 2277 1610 Agnetis

478 1628 779 1668 Duncansone
812 1625 906 1667 eius
939 1639 1103 1680 sponsa
1134 1640 1321 1679 quorum
1352 1625 1684 1667 anniuersarius
1716 1624 1947 1667 annuatim
1982 1624 2278 1667 celebrabitur

474 1697 528 1737 ad
563 1695 701 1737 altare
739 1695 890 1748 Sanctj
937 1694 1115 1748 martinj
1160 1694 1383 1736 dominica
1425 1695 1625 1749 proxima
1668 1694 1932 1737 Immediate
1974 1701 2073 1748 post
2113 1694 2276 1736 festum

475 1765 615 1819 sanctj
643 1763 874 1805 michaelis
900 1763 1168 1817 Archangeli
1202 1778 1303 1805 cum
1337 1763 1474 1806 missa
1497 1765 1550 1805 de
1577 1771 1683 1805 nota
1716 1770 1758 1805 et
1790 1763 2005 1817 trigintali
2039 1762 2276 1805 missarum

474 1848 551 1888 per
586 1833 866 1875 ebdomidam
902 1839 1163 1886 sequentem
1203 1847 1279 1887 per
1316 1833 1572 1887 capellanos
1609 1832 1796 1887 Collegii
1837 1832 2156 1874 Abirdonensis
2197 1846 2276 1887 pro

474 1903 708 1945 animabus
740 1903 960 1945 dictorum
991 1903 1216 1956 quondam
1249 1902 1436 1957 philippi
1469 1910 1511 1944 et
1533 1903 1721 1957 Agnetis
1752 1909 1987 1957 parentum
2021 1916 2202 1944 suorum
2235 1908 2278 1944 et

474 1973 673 2015 omnium
697 1972 893 2013 fidelium
918 1971 1226 2013 defunctorum
1261 1973 1345 2014 Pro
1368 1972 1527 2026 quibus
1549 1972 1655 2026 dictj
1681 1972 1899 2027 capellani
1929 1972 2211 2014 infeodantur
2231 1971 2276 2013 in

473 2057 558 2084 vno
585 2056 733 2084 annuo
769 2041 963 2083 Redditu
997 2041 1140 2083 decim
1174 2041 1415 2083 solidorum
1449 2042 1682 2084 annuatim
1715 2043 1906 2084 leuando
1929 2047 1971 2083 et
1994 2041 2277 2096 percipiendo

476 2112 528 2153 de
551 2118 667 2152 terra
691 2111 914 2165 quondam
944 2110 1180 2164 Laurencij
1206 2111 1443 2153 thomsone
1467 2113 1648 2153 Iacente
1671 2110 1715 2152 in
1737 2111 1834 2153 vico
1860 2110 2070 2152 Inferiore
2092 2109 2278 2152 ecclesie

476 2195 528 2222 ex
569 2180 753 2222 australi
794 2187 919 2234 parte
961 2179 1159 2222 eiusdem
1200 2179 1283 2234 vicj
1329 2180 1444 2222 inter
1493 2188 1657 2222 terram
1699 2180 1805 2222 olim
1846 2180 1996 2234 georgi
2048 2179 2184 2222 bisset
2226 2193 2280 2221 ex

477 2249 680 2291 orientali
718 2264 770 2291 ex
805 2264 893 2291 vna
929 2255 972 2291 et
1008 2256 1171 2291 terram
1213 2256 1387 2292 vastam
1433 2283 1442 2292 .
1487 2283 1497 2292 .
1542 2282 1551 2292 .
1595 2265 1647 2292 ex
1684 2249 1948 2292 occidentali
1984 2249 2186 2304 partibus
2222 2250 2277 2291 ab

476 2320 616 2362 altera
647 2326 689 2361 et
721 2326 885 2361 terram
918 2318 1199 2361 Anteriorem
1233 2327 1386 2361 sancte
1418 2321 1546 2362 Anne
1579 2319 1734 2361 matris
1767 2319 1904 2361 marie
1937 2333 1989 2360 ex
2020 2317 2226 2361 boreali*

595 2457 755 2500 Obitus
792 2459 1015 2511 quondam
1050 2458 1162 2499 bone
1200 2457 1412 2499 memorie
1448 2457 1655 2500 Mariorie
1690 2457 1838 2499 fechat
1871 2456 2018 2499 vxoris
2054 2457 2277 2511 quondam

482 2528 696 2570 Iohannis
728 2527 986 2569 huchosone
1018 2527 1239 2569 carnificis
1270 2527 1502 2582 burgensis
1535 2529 1587 2570 de
1613 2527 1833 2570 Abirdene
1866 2541 2053 2580 quorum
2077 2526 2279 2568 anniuer-

481 2597 623 2639 sarius
664 2596 957 2639 celebrabitur
997 2596 1230 2638 annuatim
1277 2598 1332 2638 ad
1374 2597 1514 2638 altare
1557 2596 1698 2649 sanctj
1743 2595 1977 2637 michaelis
2023 2592 2279 2648 archangeli

481 2668 817 2722 Imperpetuum
849 2667 1062 2708 vicesimo
1095 2667 1164 2709 die
1197 2667 1364 2708 mensis
1397 2666 1666 2709 Nouembris
1699 2680 1798 2708 cum
1833 2665 1971 2707 missa
2002 2666 2056 2707 de
2088 2670 2194 2706 nota
2225 2664 2279 2706 de

478 2737 628 2791 requie
669 2744 711 2778 et
753 2736 969 2791 trigintali
1011 2751 1088 2791 per
1129 2737 1410 2779 ebdomidam
1453 2743 1712 2791 sequentem
1755 2750 1834 2790 pro
1869 2735 2103 2777 animabus
2139 2732 2279 2788 ipsius

592 2840 610 2855 ⁵
629 2840 667 2870 In
681 2839 832 2881 margine
846 2840 1007 2881 scriptum
1018 2847 1069 2872 est
1079 2841 1368 2873 z—“Productum
1383 2850 1419 2872 20
1436 2841 1582 2883 Ianuarij
1602 2851 1692 2873 anno
1710 2850 1790 2880 1533
1807 2840 1846 2870 In
1859 2838 1997 2871 modum
2015 2836 2228 2880 probacionis
2244 2835 2279 2866 in

476 2903 579 2925 causa
591 2894 844 2935 capellanorum
862 2896 970 2927 sancti
988 2896 1110 2937 nicolaj
1129 2902 1247 2928 contra
1266 2896 1427 2928 Iacobum
1443 2907 1515 2928 mar
1532 2902 1565 2928 et
1582 2895 1793 2937 recognitum
1811 2905 1868 2936 per
1883 2894 2082 2925 willelmum
2098 2891 2229 2924 rolland
2246 2895 2280 2922 et

476 2948 675 2990 magistrum
689 2949 842 2980 thomam
860 2950 997 2983 annand
1013 2960 1054 2982 ex
1072 2951 1274 2984 Iuramentis
1292 2950 1418 2982 arthuri
1435 2951 1503 2994 hay
1514 2951 1544 2984 '’.
