2524 3418
744 347 936 392 Venditio
969 352 1069 390 terre
1101 361 1126 388 a
1157 349 1296 388 curato
1326 347 1363 387 et
1391 342 1611 400 capellanis
2007 355 2087 398 235

283 466 399 509 inter
420 467 543 522 ipsos
575 466 773 521 legitime
805 463 1023 520 procreati
1054 478 1131 505 seu
1164 460 1424 517 procreandi
1458 459 1617 514 quibus
1647 459 1759 500 forte
1782 458 2090 501 deficientibus

280 537 465 579 heredes
498 536 833 592 propinquiores
865 521 1051 589 legitimi
1085 532 1225 588 ipsius
1260 530 1477 573 Iohannis
1499 536 1541 571 et
1565 529 1631 583 suj
1667 528 1881 582 assignatj
1907 528 2082 582 quicun-

280 621 363 660 que
397 608 648 661 Suppremo
671 605 851 648 domino
883 611 1035 646 nostro
1065 602 1155 657 regj
1193 601 1430 644 seruicium
1454 598 1717 654 burgagium
1745 599 1798 639 de
1821 597 1940 639 dicta
1971 604 2088 640 terra

279 675 477 717 debitum
501 682 544 717 et
577 681 841 717 consuetum
866 680 1082 728 quantum
1116 671 1307 726 pertinet
1332 671 1387 712 ad
1410 670 1596 711 eandem
1630 669 1693 709 Ac
1716 667 1939 709 reddendo
1961 667 2089 709 nobis

279 752 321 786 et
345 745 679 787 successoribus
701 743 866 786 nostris
887 757 1025 785 vnum
1049 756 1249 784 annuum
1273 740 1494 782 redditum
1514 738 1734 781 sexdecim
1760 737 2001 779 solidorum
2024 738 2088 779 Ac

279 814 515 856 heredibus
538 816 762 869 quondam
788 813 1005 856 Iohannis
1022 811 1228 867 stephanj
1255 817 1331 853 aut
1356 810 1447 852 suis
1470 808 1712 864 assignatis
1733 822 1869 849 vnum
1889 821 2088 849 annuum

279 883 500 926 redditum
535 885 729 939 quinque
760 884 1012 926 Solidorum
1037 890 1079 924 et
1109 889 1300 936 quatuor
1323 880 1604 923 denariorum
1637 881 1701 921 Ac
1729 878 1961 933 capellano
1993 892 2088 933 per-

277 960 412 1007 petuo
435 954 590 996 altaris
613 954 730 1008 beatj
759 953 972 1008 laurencij
1008 952 1203 995 martiris
1229 952 1342 993 infra
1365 950 1602 993 ecclesiam
1635 949 1958 1004 perrochialem
1981 947 2087 991 dicti

278 1023 404 1077 burgj
428 1023 601 1065 fundati
624 1038 761 1065 vnum
785 1038 984 1065 annuum
1007 1022 1228 1064 redditum
1253 1035 1329 1062 sex
1352 1019 1592 1062 solidorum
1617 1026 1659 1061 et
1683 1025 1782 1061 octo
1805 1017 2086 1060 denariorum

276 1098 318 1134 et
357 1093 588 1147 capellano
625 1099 839 1147 perpetuo
874 1091 1029 1134 altaris
1071 1090 1213 1144 sanctj
1259 1089 1369 1144 petrj
1415 1089 1527 1130 infra
1569 1089 1755 1130 eandem
1796 1087 1969 1129 fundati
2011 1102 2088 1142 per

278 1163 501 1216 quondam
526 1164 638 1205 bone
662 1162 875 1204 memorie
896 1161 1112 1204 vicarium
1137 1162 1189 1202 de
1213 1161 1460 1214 Inuerrugy
1481 1173 1617 1200 vnum
1642 1173 1840 1200 annuum
1864 1157 2084 1199 redditum

277 1246 353 1273 sex
390 1232 632 1274 solidorum
666 1232 834 1274 vsualis
869 1238 1047 1274 monete
1085 1230 1230 1273 scocie
1267 1231 1322 1272 ad
1360 1231 1471 1271 duos
1513 1229 1616 1284 annj
1656 1228 1872 1270 terminos
1907 1228 2086 1270 vsuales

276 1302 581 1356 penthicostes
612 1302 819 1344 videlicet
853 1309 895 1344 et
930 1301 1083 1356 Sanctj
1119 1300 1298 1355 martinj
1324 1300 1367 1341 in
1390 1314 1518 1355 yeme
1551 1314 1629 1354 per
1650 1299 1830 1352 equales
1853 1297 2085 1353 porciones

275 1377 452 1413 tantum
476 1387 554 1427 pro
577 1371 698 1413 omni
721 1371 808 1414 alio
842 1371 1030 1413 seruicio
1064 1370 1252 1424 secularj
1289 1369 1520 1411 exactione
1543 1384 1620 1410 seu
1655 1368 1893 1410 Demanda
1917 1382 2001 1421 que
2031 1368 2083 1409 de

274 1440 472 1494 predicta
494 1448 612 1483 terra
636 1456 736 1483 cum
761 1440 1044 1496 pertinentiis
1066 1439 1318 1494 aliqualiter
1341 1438 1453 1493 exigj
1479 1437 1640 1493 poterit
1664 1444 1739 1479 aut
1758 1436 1940 1491 Requirj
1968 1437 2081 1479 Cum

274 1510 358 1552 hac
382 1511 640 1553 condicione
664 1512 779 1565 quod
809 1511 1026 1565 prefatam
1049 1517 1215 1552 terram
1246 1509 1515 1551 sufficienter
1537 1508 1581 1550 in
1603 1514 1723 1550 tecto
1753 1507 1891 1549 muris
1917 1513 1960 1549 et
1983 1506 2083 1548 aliis

274 1580 540 1635 necessarijs
573 1581 890 1622 sustentabunt
925 1581 1261 1634 Imperpetuum
1297 1585 1339 1620 et
1370 1577 1721 1632 distringebilem
1752 1576 2081 1618 conseruabunt

274 1663 351 1703 pro
375 1649 612 1692 Solucione
635 1649 855 1692 dictorum
883 1664 1132 1691 annuorum
1159 1648 1413 1690 reddituum
1444 1646 1632 1702 singulis
1660 1646 1790 1688 annis
1813 1652 1855 1687 et
1878 1644 2082 1687 terminis

272 1719 433 1761 futuris
457 1720 517 1762 Et
540 1720 576 1761 si
599 1721 786 1762 deficere
809 1720 1078 1774 contigerint
1102 1719 1146 1760 in
1171 1718 1419 1761 Sufficienti
1443 1717 1789 1760 Sustentacione
1813 1723 1889 1759 aut
1915 1718 2082 1771 Repar-

275 1788 430 1831 acione
462 1789 718 1832 huiusmodi
750 1797 865 1832 terre
890 1796 936 1832 vt
964 1791 1089 1832 decet
1120 1804 1197 1844 per
1219 1788 1365 1830 visum
1395 1787 1804 1830 consideracionem
1831 1793 1874 1828 et
1901 1788 2083 1829 manda-

275 1864 371 1901 tum
414 1866 616 1902 nostrum
659 1867 735 1902 aut
779 1875 1089 1902 successorum
1133 1866 1388 1902 nostrorum
1426 1873 1504 1913 per
1543 1857 1745 1912 spacium
1789 1856 2085 1911 quadraginta

274 1928 445 1971 dierum
476 1935 715 1984 postquam
745 1929 903 1972 moniti
933 1929 1095 1972 fuerint
1129 1936 1205 1971 aut
1238 1942 1470 1983 possessor
1501 1927 1700 1969 eiusdem
1733 1926 1862 1968 fuerit
1895 1941 1973 1980 per
2003 1940 2086 1967 nos

275 2005 351 2041 aut
374 2006 551 2042 nostros
575 2001 868 2042 Successores
891 2007 967 2042 aut
990 2000 1034 2042 in
1059 1999 1285 2042 solucione
1308 1998 1528 2041 dictorum
1557 2011 1807 2040 annuorum
1831 1996 2084 2039 reddituum

274 2067 319 2108 in
355 2073 451 2110 toto
484 2068 553 2110 vel
588 2068 632 2110 in
670 2075 796 2123 parte
834 2083 911 2123 per
947 2068 1149 2123 spacium
1187 2067 1356 2122 dimidij
1393 2067 1496 2121 annj
1537 2066 1601 2109 ita
1633 2073 1679 2108 vt
1712 2081 1826 2108 Vnus
1866 2066 2086 2108 terminus

274 2135 478 2192 inciperit
508 2144 612 2180 ante
642 2138 916 2180 solucionem
951 2138 1134 2181 alterius
1162 2137 1343 2180 termini
1373 2136 1652 2192 precedentis
1682 2137 1799 2191 quod
1831 2135 1946 2178 absit
1979 2143 2085 2178 tune

275 2205 446 2248 licitum
480 2207 562 2249 erit
591 2207 719 2249 nobis
756 2215 798 2250 et
836 2208 1001 2250 nostris
1036 2207 1379 2250 Successoribus
1415 2206 1604 2249 liberum
1639 2208 1898 2261 Ingressum
1937 2212 1979 2247 et
2015 2207 2086 2247 In-

273 2275 458 2318 troitum
481 2278 537 2319 ad
560 2277 805 2331 predictam
838 2284 1003 2320 terram
1037 2292 1139 2319 cum
1172 2276 1453 2332 pertinentiis
1482 2277 1646 2318 habere
1678 2283 1721 2318 et
1744 2277 1797 2318 de
1829 2277 1984 2318 eadem
2008 2290 2086 2330 pro

274 2353 426 2389 nostre
458 2347 592 2390 libeto
624 2348 870 2390 voluntatis
904 2348 1136 2403 disponere
1159 2354 1201 2390 et
1235 2362 1417 2403 presens
1440 2353 1564 2389 carta
1587 2346 1631 2388 in
1664 2352 1891 2401 posterum
1920 2345 2086 2387 nullius

275 2417 356 2459 erit
379 2417 548 2460 roboris
572 2433 649 2461 seu
672 2419 857 2461 effectus
880 2425 946 2461 set
980 2433 1109 2461 cassa
1133 2418 1287 2460 Inanis
1310 2424 1353 2460 et
1378 2417 1585 2460 Inualida
1607 2416 1652 2458 in
1676 2431 1722 2458 se
1744 2417 1897 2458 fraude
1919 2421 1962 2458 et
1985 2415 2086 2457 dolo

275 2487 461 2530 seclusis
498 2490 559 2530 Et
591 2503 673 2531 nos
708 2504 814 2531 vero
851 2489 958 2531 dicti
997 2496 1179 2531 curatus
1216 2495 1258 2530 et
1291 2488 1510 2543 capellanj
1547 2494 1589 2530 et
1627 2501 1910 2529 successores
1946 2484 2086 2527 nostri

273 2564 417 2600 totam
454 2564 496 2600 et
537 2559 765 2613 Integram
802 2565 968 2601 terram
1005 2559 1271 2613 prelibatam
1310 2573 1412 2600 cum
1451 2557 1543 2599 suis
1580 2555 1860 2612 pertinentiis
1902 2554 2085 2610 prefatis

276 2628 465 2683 Iohannj
501 2635 543 2670 et
582 2629 839 2671 Elizabetht
873 2644 1035 2684 sponse
1070 2644 1147 2671 sue
1182 2643 1424 2683 eorumque
1459 2627 1587 2682 alterj
1627 2626 1801 2669 diucius
1831 2625 1999 2679 viuentj
2039 2624 2084 2666 in

275 2698 514 2740 coniuncta
551 2698 856 2741 infeodacione
899 2705 941 2741 et
984 2699 1220 2741 heredibus
1262 2698 1378 2740 inter
1420 2698 1540 2752 ipsos
1591 2696 1789 2752 legitime
1840 2694 2084 2750 procreatis

275 2782 352 2809 seu
389 2767 674 2821 procreandis
716 2768 875 2822 quibus
915 2769 1028 2810 forte
1065 2767 1374 2810 deficientibus
1415 2766 1653 2809 heredibus
1694 2763 2082 2820 propinquioribus

274 2837 486 2891 legitimis
518 2837 657 2892 ipsius
692 2838 908 2880 Iohannis
942 2845 984 2880 et
1018 2838 1110 2880 suis
1142 2837 1384 2893 assignatis
1421 2837 1761 2892 quibuscunque
1797 2835 1841 2876 in
1875 2833 2081 2876 omnibus

274 2913 317 2948 et
340 2922 418 2961 per
439 2907 589 2950 omnia
610 2915 656 2949 vt
680 2909 948 2962 premissum
972 2915 1038 2950 est
1061 2923 1139 2963 per
1161 2922 1316 2950 omnes
1338 2914 1480 2949 terras
1503 2922 1553 2949 ac
1578 2905 1882 2961 possessiones
1904 2909 2080 2945 nostras

270 2984 426 3020 eontra
452 2993 607 3020 omnes
630 2979 841 3022 mortales
871 2979 1252 3022 varantizabimus
1285 2978 1640 3033 acquietabimus
1663 2983 1705 3019 et
1742 2978 2077 3031 Imperpetuum

2116 1378 2170 1420 xvj
2189 1388 2205 1409 s
2216 1387 2239 1409 v
2253 1389 2268 1410 s
2282 1378 2327 1421 iiij
2346 1379 2367 1411 d

2115 1423 2146 1463 vj
2173 1432 2188 1453 s
2204 1422 2260 1464 viij
2279 1422 2300 1453 d
2315 1424 2347 1465 vj
2367 1434 2382 1455 s

2115 1465 2159 1496 all
2178 1472 2244 1496 sett
2268 1466 2301 1497 in
2319 1467 2383 1498 few

2114 1514 2149 1540 to
2166 1509 2309 1541 Androw

2115 1552 2195 1583 Iack
2218 1562 2290 1584 now
2313 1564 2383 1594 per-

2112 1596 2232 1637 tening
2247 1602 2283 1628 to
2301 1598 2362 1629 Ion

2111 1639 2287 1671 robertson

2111 1683 2315 1724 chepeltoun
2333 1684 2382 1716 for

2112 1728 2187 1770 >fxvj
2207 1737 2222 1758 s
2239 1727 2295 1769 viij
2314 1727 2335 1758 d

2111 1769 2257 1802 because
2272 1781 2314 1812 ye

2113 1823 2206 1845 same
2223 1814 2302 1846 land

2112 1868 2184 1888 was
2200 1858 2302 1889 Wast
2318 1857 2352 1889 in

2114 1910 2134 1932 a
2151 1901 2323 1942 Lathraye
2341 1903 2379 1933 In

2114 1954 2173 1976 use
2190 1945 2229 1977 of
2239 1955 2321 1986 pay-

2113 1994 2208 2020 ment
2224 1989 2263 2020 of
2273 1999 2316 2030 ye

2115 2031 2230 2073 sindry
2246 2032 2357 2065 merks
