2524 3418
219 748 341 780 Obitus
358 759 461 790 quon-

218 792 294 822 dam
312 792 399 823 bone

219 836 377 866 memorie

219 878 390 909 alexandri

219 922 286 952 reid
301 929 332 952 et

218 971 404 1005 margarete

217 1008 370 1039 craufurd

219 1061 341 1092 sponse
359 1061 417 1082 sue

220 2219 341 2268 Obitus
364 2220 484 2252 Iohan-

221 2274 272 2294 nis
289 2271 428 2296 wormet

516 303 597 344 240
857 292 1086 334 Secundum
1121 292 1293 334 chtalc
1324 294 1506 335 obituum
1537 299 1572 335 et
1603 295 1983 336 anniuersariorum

1335 436 1500 478 CXVI.

514 529 685 570 chtalc
707 529 792 570 siue
815 530 977 570 uddicio
1002 530 1183 571 obituum
1212 534 1247 571 et
1267 530 1649 572 anniuersariorum
1673 535 1748 586 per
1772 532 1976 586 quondam
2005 532 2101 574 bone
2126 532 2316 574 memorie

689 597 838 638 nobiles
853 597 1048 652 prouidos
1070 602 1105 638 et
1116 597 1298 652 famosos
1315 612 1361 638 ac
1384 598 1570 639 discretos
1594 599 1700 639 viros
1720 599 1991 653 subsequentes
2013 600 2316 653 assignatorum

688 665 843 707 Curato
864 669 899 706 ct
921 665 1139 720 capellanis
1161 665 1315 706 ecclesie
1329 665 1598 721 parrochialis
1621 665 1726 706 beati
1746 666 1946 722 niclzolazj
1966 667 2012 708 de
2033 667 2235 709 Abirdene

641 758 830 800 BITUS
861 760 1084 812 quondam
1109 760 1221 800 bone
1240 759 1452 801 memorie
1473 759 1712 801 Alexandri
1733 759 1845 802 Reid
1868 761 1920 802 de
1938 760 2187 814 petfodellis
2209 759 2312 803 olim

695 828 904 881 prepositi
942 828 1074 870 huius
1111 829 1236 882 burgj
1276 828 1349 882 qui
1386 828 1493 870 obiit
1531 829 1777 883 penultimo
1809 829 1878 871 die
1911 830 2077 871 mensis
2107 828 2312 883 februarij

518 898 647 937 Anno
683 897 848 951 dominj
895 897 1130 939 millesimo
1172 898 1530 952 quingentesimo
1567 906 1691 941 sexto
1729 900 1788 941 Et
1825 906 2074 954 margarete
2110 899 2315 942 craufurd

519 979 679 1019 sponse
712 981 788 1008 sue
821 967 1032 1009 fundatus
1065 982 1141 1021 per
1172 968 1337 1010 dictam
1372 976 1668 1023 margaretam
1702 975 1801 1024 post
1834 969 2002 1011 obitum
2035 969 2175 1024 ipsius
2199 968 2316 1011 alex-

518 1036 641 1090 andrj
682 1038 881 1092 Quorum
919 1037 1250 1079 anniuersarius
1291 1038 1524 1080 annuatim
1567 1037 1860 1079 celebrabitur
1896 1039 1951 1079 ad
1988 1038 2128 1080 altare
2169 1039 2312 1093 sanctj

517 1105 733 1147 cristofori
771 1107 822 1147 In
860 1106 1082 1148 dominica
1118 1106 1261 1161 prima
1299 1114 1398 1161 post
1441 1107 1632 1161 primum
1666 1106 1783 1148 diem
1826 1106 1993 1148 mensis
2025 1107 2176 1161 marcij
2212 1121 2313 1149 cum

516 1174 698 1227 placebo
730 1181 773 1216 et
796 1174 933 1229 dirige
956 1175 1000 1216 in
1033 1176 1189 1217 sabato
1221 1175 1475 1229 precedenti
1507 1181 1550 1217 et
1584 1174 1768 1217 missam
1801 1176 1854 1216 de
1886 1181 1993 1217 nota
2019 1175 2064 1216 in
2091 1174 2315 1218 dominica

515 1250 557 1284 et
599 1244 824 1297 trigintale
867 1245 1103 1286 missarum
1146 1259 1223 1298 per
1268 1245 1547 1286 ebdomidam
1601 1259 1677 1299 per
1728 1250 1932 1286 curatum
1975 1251 2017 1286 et
2060 1245 2315 1299 capellanos

515 1313 686 1367 collegij
721 1313 918 1356 eiusdem
953 1314 1012 1355 Et
1046 1314 1256 1355 collector
1286 1314 1507 1356 dictorum
1535 1314 1866 1368 capellanorum
1899 1313 1972 1368 qui
2005 1328 2083 1368 pro
2114 1321 2315 1368 ternpore

514 1383 643 1424 fuerit
667 1397 902 1437 preconem
918 1398 1019 1425 cum
1039 1398 1259 1438 campana
1274 1383 1444 1425 minore
1462 1398 1538 1438 per
1555 1390 1700 1425 toturn
1719 1385 1907 1438 burgum
1926 1383 2158 1425 circumire
2179 1382 2314 1425 faciat

517 1453 560 1495 in
594 1454 713 1495 dicto
751 1454 906 1495 sabato
943 1455 997 1495 ad
1034 1455 1363 1508 deprecandum
1401 1468 1479 1508 pro
1515 1453 1752 1495 animabus
1789 1452 2056 1507 supradictis
2091 1452 2312 1495 Tabulam

517 1538 647 1578 super
678 1523 1003 1565 monimentum
1039 1523 1221 1565 situabit
1259 1523 1401 1565 eidem
1435 1523 1569 1577 pallio
1607 1522 1781 1565 decenti
1819 1521 2039 1576 cooperiet
2076 1521 2315 1563 luminaria

515 1608 642 1636 cerea
686 1594 890 1635 Inueniet
934 1595 992 1635 Et
1036 1593 1270 1635 sacristam
1313 1593 1469 1647 prefati
1511 1592 1636 1647 burgj
1676 1592 1792 1634 trina
1828 1592 1924 1634 vice
1965 1593 2020 1634 ad
2061 1589 2316 1633 huiusmodi

516 1663 723 1718 exequias
745 1671 787 1705 et
811 1663 927 1705 trina
949 1663 1044 1705 vice
1067 1664 1122 1705 ad
1155 1663 1339 1705 missam
1372 1664 1425 1705 de
1457 1662 1608 1716 requie
1640 1668 1869 1705 cantatam
1902 1661 2080 1716 pulsare
2111 1659 2246 1702 faciat
2267 1665 2314 1702 vt

516 1734 651 1775 moris
685 1735 872 1788 Insuper
903 1733 1009 1775 dicti
1043 1741 1224 1775 curatus
1256 1740 1298 1774 et
1332 1732 1551 1787 capellani
1584 1732 1718 1774 aliam
1752 1731 1936 1773 missam
1970 1732 2022 1772 de
2055 1730 2175 1771 Nota
2213 1743 2314 1773 cum

515 1803 672 1845 ceteris
695 1802 844 1844 missis
866 1802 1106 1857 trigintalis
1133 1802 1379 1844 cantabunt
1403 1808 1445 1844 et
1469 1802 1755 1843 celebrabunt
1787 1806 1887 1855 post
1920 1800 2153 1842 decessum
2175 1797 2315 1852 ipsius

515 1880 763 1926 margarete
795 1873 850 1914 ad
883 1873 1022 1914 altare
1055 1886 1141 1926 quo
1174 1871 1409 1926 contigerit
1437 1871 1580 1926 ipsam
1614 1870 1789 1925 sepeliri
1810 1876 1856 1912 vt
1879 1869 2020 1912 lacius
2049 1868 2238 1910 habetur
2268 1866 2313 1909 in

514 1948 637 1982 carta
659 1941 932 1983 fundationis
954 1940 1094 1995 ipsius
1120 1948 1368 1995 margarete
1400 1941 1446 1982 in
1478 1940 1582 1982 folio
1614 1939 1867 1995 precedenti
1901 1940 1986 1981 Pro
2018 1938 2177 1992 quibus
2209 1935 2315 1979 dicti

516 2018 696 2052 curatus
719 2018 761 2052 et
785 2010 1004 2065 capellani
1031 2010 1312 2053 infeodantur
1333 2012 1386 2053 de
1408 2025 1494 2052 vno
1517 2024 1666 2053 annuo
1696 2009 1870 2052 redditu
1891 2008 2048 2063 vigintj
2074 2006 2314 2050 solidorum

515 2081 568 2122 de
589 2087 706 2122 terra
728 2080 860 2122 dauid
882 2081 1066 2123 theman
1089 2081 1297 2123 aurifabri
1320 2081 1364 2123 in
1386 2081 1484 2124 vico
1515 2080 1664 2124 Castri

633 2219 793 2261 Obitus
835 2220 1057 2273 quondam
1103 2220 1227 2260 Bone
1269 2218 1480 2261 memorie
1524 2217 1738 2260 Iohannis
1784 2217 1989 2259 Wormet
2027 2214 2087 2257 Et
2125 2211 2316 2256 Isabelle

517 2288 743 2330 erichtone
778 2303 939 2343 sponse
976 2304 1053 2331 sue
1090 2290 1300 2331 moderne
1331 2296 1374 2330 et
1408 2288 1642 2331 annabelle
1675 2287 1822 2328 kintor
1853 2299 2014 2340 sponse
2047 2298 2125 2326 sue
2157 2281 2314 2337 prioris

517 2359 715 2413 Quorum
739 2358 1068 2400 anniuersarius
1095 2358 1327 2400 annuatim
1355 2357 1649 2400 celebrabitur
1670 2370 1747 2411 per
1769 2362 1971 2397 curatum
1994 2360 2037 2395 et
2060 2351 2316 2407 capellanos

514 2427 686 2481 collegij
718 2427 919 2469 Ecclesie
945 2427 1212 2481 parochialis
1238 2427 1355 2469 beati
1387 2426 1596 2480 nieholaij
1631 2425 1736 2479 dictj
1771 2424 1895 2478 burgj
1921 2424 1976 2465 ad
1998 2423 2138 2465 altare
2169 2419 2312 2475 sanctj

517 2496 731 2538 Iohannis
763 2497 1047 2551 ewangeliste
1079 2497 1123 2538 in
1156 2497 1274 2539 hunc
1307 2498 1488 2538 modum
1512 2495 1717 2538 videlicet
1751 2493 1976 2548 Exequias
2007 2492 2313 2534 defunctorum

516 2581 617 2608 curn
660 2567 843 2621 placebo
883 2573 926 2608 et
964 2567 1101 2621 dirige
1138 2566 1182 2608 in
1221 2567 1377 2608 sabato
1419 2572 1518 2620 post
1559 2565 1722 2607 festum
1765 2561 2085 2617 assumptionis
2125 2559 2315 2615 gloriose

515 2636 698 2690 virginis
744 2636 881 2678 marie
923 2643 965 2678 et
1007 2636 1192 2678 missam
1234 2638 1286 2678 de
1330 2637 1449 2678 Nota
1490 2636 1534 2676 in
1577 2634 1771 2677 crastino
1814 2647 1915 2675 cum
1963 2631 2121 2674 ceteris
2166 2628 2316 2672 missis

516 2706 702 2760 priuatis
747 2721 824 2760 per
869 2707 1150 2748 ebdomidam
1199 2707 1258 2748 Et
1305 2706 1515 2748 collector
1560 2704 1891 2759 capellanorum
1935 2714 2170 2756 preconem
2213 2712 2316 2741 curn

517 2790 735 2830 campana
776 2776 945 2818 minore
982 2791 1058 2830 per
1092 2783 1237 2817 totum
1275 2776 1463 2830 burgum
1500 2774 1640 2829 preire
1676 2773 1808 2815 faciet
1846 2773 1890 2814 in
1927 2771 2045 2814 dicto
2083 2770 2238 2811 sabato
2270 2773 2316 2808 vt

516 2844 725 2886 incitetur
752 2845 941 2898 populus
972 2846 1027 2886 ad
1060 2838 1386 2898 deprecandum
1420 2858 1497 2897 pro
1529 2842 1764 2884 animabus
1796 2839 2065 2895 supradictis
2096 2835 2316 2879 Tabulam

517 2928 647 2971 super
699 2914 1023 2957 monimentum
1070 2914 1232 2957 locabit
1274 2921 1316 2957 et
1359 2913 1596 2957 luminaria
1643 2911 1847 2956 Inueniet
1893 2916 2070 2953 tantum
2115 2921 2192 2965 pro
2233 2919 2318 2962 quo
