<?xml version="1.0" encoding="UTF-8"?>
<!DOCTYPE html PUBLIC "-//W3C//DTD XHTML 1.0 Transitional//EN"
    "http://www.w3.org/TR/xhtml1/DTD/xhtml1-transitional.dtd">
<html xmlns="http://www.w3.org/1999/xhtml" xml:lang="en" lang="en">
 <head>
  <title>
</title>
<meta http-equiv="Content-Type" content="text/html;charset=utf-8" />
  <meta name='ocr-system' content='tesseract 3.04.00' />
  <meta name='ocr-capabilities' content='ocr_page ocr_carea ocr_par ocr_line ocrx_word'/>
</head>
<body>
  <div class='ocr_page' id='page_1' title='image "./cartulariumeccle01sainuoft_0138.png"; bbox 0 0 2524 3418; ppageno 0'>
   <div class='ocr_carea' id='block_1_1' title="bbox 119 1383 250 1416">
    <p class='ocr_par' dir='ltr' id='par_1_1' title="bbox 119 1383 250 1416">
     <span class='ocr_line' id='line_1_1' title="bbox 119 1383 250 1416; baseline 0 -1"><span class='ocrx_word' id='word_1_1' title='bbox 119 1383 250 1416; x_wconf 66' lang='lat' dir='ltr'>soh-12¹</span> 
     </span>
    </p>
   </div>
   <div class='ocr_carea' id='block_1_2' title="bbox 406 311 1897 366">
    <p class='ocr_par' dir='ltr' id='par_1_2' title="bbox 406 311 1897 366">
     <span class='ocr_line' id='line_1_2' title="bbox 406 311 1897 366; baseline -0.003 -10"><span class='ocrx_word' id='word_1_2' title='bbox 406 317 485 357; x_wconf 82' lang='lat'>106</span> <span class='ocrx_word' id='word_1_3' title='bbox 719 315 931 355; x_wconf 79' lang='lat' dir='ltr'>andacio</span> <span class='ocrx_word' id='word_1_4' title='bbox 961 314 1105 354; x_wconf 78' lang='lat' dir='ltr'>altaris</span> <span class='ocrx_word' id='word_1_5' title='bbox 1136 317 1364 353; x_wconf 78' lang='lat' dir='ltr'>sanctorum</span> <span class='ocrx_word' id='word_1_6' title='bbox 1398 311 1618 366; x_wconf 65' lang='lat' dir='ltr'>Laurentis·</span> <span class='ocrx_word' id='word_1_7' title='bbox 1648 316 1683 352; x_wconf 79' lang='lat' dir='ltr'>ct</span> <span class='ocrx_word' id='word_1_8' title='bbox 1713 311 1897 365; x_wconf 68' lang='lat' dir='ltr'>Niniaozj</span> 
     </span>
    </p>
   </div>
   <div class='ocr_carea' id='block_1_3' title="bbox 404 424 2212 1036">
    <p class='ocr_par' dir='ltr' id='par_1_3' title="bbox 404 424 2212 1036">
     <span class='ocr_line' id='line_1_3' title="bbox 404 424 2204 481; baseline -0.003 -9"><span class='ocrx_word' id='word_1_9' title='bbox 404 430 571 472; x_wconf 84' lang='lat' dir='ltr'>dictum</span> <span class='ocrx_word' id='word_1_10' title='bbox 605 444 802 472; x_wconf 89' lang='lat' dir='ltr'>annuum</span> <span class='ocrx_word' id='word_1_11' title='bbox 837 428 1055 470; x_wconf 89' lang='lat' dir='ltr'>redditum</span> <span class='ocrx_word' id='word_1_12' title='bbox 1089 428 1143 468; x_wconf 91' lang='lat' dir='ltr'>ad</span> <span class='ocrx_word' id='word_1_13' title='bbox 1175 440 1303 468; x_wconf 87' lang='lat' dir='ltr'>vsum</span> <span class='ocrx_word' id='word_1_14' title='bbox 1337 426 1561 481; x_wconf 89' lang='lat' dir='ltr'>proprium</span> <span class='ocrx_word' id='word_1_15' title='bbox 1595 439 1742 467; x_wconf 91' lang='lat' dir='ltr'>meum</span> <span class='ocrx_word' id='word_1_16' title='bbox 1777 424 1999 479; x_wconf 89' lang='lat' dir='ltr'>applicare</span> <span class='ocrx_word' id='word_1_17' title='bbox 2032 425 2068 466; x_wconf 90' lang='lat' dir='ltr'>si</span> <span class='ocrx_word' id='word_1_18' title='bbox 2102 439 2204 467; x_wconf 90' lang='lat' dir='ltr'>con-</span> 
     </span>
     <span class='ocr_line' id='line_1_4' title="bbox 404 494 2205 553; baseline -0.003 -11"><span class='ocrx_word' id='word_1_19' title='bbox 404 500 550 553; x_wconf 84' lang='lat' dir='ltr'>tigerit</span> <span class='ocrx_word' id='word_1_20' title='bbox 594 514 664 541; x_wconf 90' lang='lat' dir='ltr'>me</span> <span class='ocrx_word' id='word_1_21' title='bbox 706 499 841 541; x_wconf 90' lang='lat' dir='ltr'>alium</span> <span class='ocrx_word' id='word_1_22' title='bbox 889 511 1086 540; x_wconf 89' lang='lat' dir='ltr'>annuum</span> <span class='ocrx_word' id='word_1_23' title='bbox 1137 495 1356 537; x_wconf 88' lang='lat' dir='ltr'>redditum</span> <span class='ocrx_word' id='word_1_24' title='bbox 1406 495 1560 549; x_wconf 84' lang='lat' dir='ltr'>vigintj</span> <span class='ocrx_word' id='word_1_25' title='bbox 1613 494 1853 536; x_wconf 91' lang='lat' dir='ltr'>solidorum</span> <span class='ocrx_word' id='word_1_26' title='bbox 1895 494 1940 536; x_wconf 93' lang='lat' dir='ltr'>in</span> <span class='ocrx_word' id='word_1_27' title='bbox 1982 495 2078 536; x_wconf 88' lang='lat' dir='ltr'>loco</span> <span class='ocrx_word' id='word_1_28' title='bbox 2120 495 2205 537; x_wconf 90' lang='lat' dir='ltr'>dis-</span> 
     </span>
     <span class='ocr_line' id='line_1_5' title="bbox 404 563 2206 624; baseline -0.003 -13"><span class='ocrx_word' id='word_1_29' title='bbox 404 569 692 624; x_wconf 86' lang='lat' dir='ltr'>tringibiliore</span> <span class='ocrx_word' id='word_1_30' title='bbox 715 568 832 610; x_wconf 91' lang='lat' dir='ltr'>dicto</span> <span class='ocrx_word' id='word_1_31' title='bbox 855 566 1086 621; x_wconf 90' lang='lat' dir='ltr'>capellano</span> <span class='ocrx_word' id='word_1_32' title='bbox 1113 565 1342 620; x_wconf 91' lang='lat' dir='ltr'>prouidere</span> <span class='ocrx_word' id='word_1_33' title='bbox 1364 571 1406 606; x_wconf 90' lang='lat' dir='ltr'>et</span> <span class='ocrx_word' id='word_1_34' title='bbox 1430 564 1474 606; x_wconf 90' lang='lat' dir='ltr'>in</span> <span class='ocrx_word' id='word_1_35' title='bbox 1497 565 1651 606; x_wconf 92' lang='lat' dir='ltr'>eodem</span> <span class='ocrx_word' id='word_1_36' title='bbox 1682 563 1893 618; x_wconf 89' lang='lat' dir='ltr'>infeodarj</span> <span class='ocrx_word' id='word_1_37' title='bbox 1920 565 1983 605; x_wconf 95' lang='lat' dir='ltr'>IN</span> <span class='ocrx_word' id='word_1_38' title='bbox 2011 565 2206 607; x_wconf 91' lang='lat' dir='ltr'>CUIUS</span> 
     </span>
     <span class='ocr_line' id='line_1_6' title="bbox 408 632 2206 692; baseline -0.004 -12"><span class='ocrx_word' id='word_1_39' title='bbox 408 639 487 692; x_wconf 88' lang='lat' dir='ltr'>Rej</span> <span class='ocrx_word' id='word_1_40' title='bbox 520 637 825 680; x_wconf 89' lang='lat' dir='ltr'>testimonium</span> <span class='ocrx_word' id='word_1_41' title='bbox 864 635 965 677; x_wconf 91' lang='lat' dir='ltr'>huic</span> <span class='ocrx_word' id='word_1_42' title='bbox 998 634 1190 689; x_wconf 90' lang='lat' dir='ltr'>presentj</span> <span class='ocrx_word' id='word_1_43' title='bbox 1225 640 1346 675; x_wconf 89' lang='lat' dir='ltr'>carte</span> <span class='ocrx_word' id='word_1_44' title='bbox 1379 647 1475 675; x_wconf 89' lang='lat' dir='ltr'>mee</span> <span class='ocrx_word' id='word_1_45' title='bbox 1509 632 1714 686; x_wconf 87' lang='lat' dir='ltr'>Sigillum</span> <span class='ocrx_word' id='word_1_46' title='bbox 1744 646 1893 674; x_wconf 90' lang='lat' dir='ltr'>meum</span> <span class='ocrx_word' id='word_1_47' title='bbox 1926 638 1968 674; x_wconf 93' lang='lat' dir='ltr'>et</span> <span class='ocrx_word' id='word_1_48' title='bbox 2002 632 2206 685; x_wconf 81' lang='lat' dir='ltr'>Sigillum</span> 
     </span>
     <span class='ocr_line' id='line_1_7' title="bbox 406 700 2209 755; baseline -0.004 -6"><span class='ocrx_word' id='word_1_49' title='bbox 406 706 676 749; x_wconf 88' lang='lat' dir='ltr'>honorabilis</span> <span class='ocrx_word' id='word_1_50' title='bbox 712 705 791 746; x_wconf 85' lang='lat' dir='ltr'>viri</span> <span class='ocrx_word' id='word_1_51' title='bbox 833 705 985 746; x_wconf 85' lang='lat' dir='ltr'>thome</span> <span class='ocrx_word' id='word_1_52' title='bbox 1026 704 1123 745; x_wconf 86' lang='lat' dir='ltr'>wod</span> <span class='ocrx_word' id='word_1_53' title='bbox 1164 702 1294 744; x_wconf 89' lang='lat' dir='ltr'>vnius</span> <span class='ocrx_word' id='word_1_54' title='bbox 1336 702 1600 745; x_wconf 90' lang='lat' dir='ltr'>balliuorum</span> <span class='ocrx_word' id='word_1_55' title='bbox 1643 701 1749 743; x_wconf 91' lang='lat' dir='ltr'>dicti</span> <span class='ocrx_word' id='word_1_56' title='bbox 1787 701 1912 755; x_wconf 86' lang='lat' dir='ltr'>burgi</span> <span class='ocrx_word' id='word_1_57' title='bbox 1949 715 2000 743; x_wconf 89' lang='lat' dir='ltr'>ac</span> <span class='ocrx_word' id='word_1_58' title='bbox 2042 700 2209 743; x_wconf 89' lang='lat' dir='ltr'>datoris</span> 
     </span>
     <span class='ocr_line' id='line_1_8' title="bbox 407 770 2209 828; baseline -0.004 -9"><span class='ocrx_word' id='word_1_59' title='bbox 407 777 563 819; x_wconf 80' lang='lat' dir='ltr'>Sasine</span> <span class='ocrx_word' id='word_1_60' title='bbox 598 774 850 817; x_wconf 86' lang='lat' dir='ltr'>huiusmodi</span> <span class='ocrx_word' id='word_1_61' title='bbox 887 773 1021 828; x_wconf 89' lang='lat' dir='ltr'>annuj</span> <span class='ocrx_word' id='word_1_62' title='bbox 1059 772 1257 814; x_wconf 91' lang='lat' dir='ltr'>redditus</span> <span class='ocrx_word' id='word_1_63' title='bbox 1289 779 1392 814; x_wconf 91' lang='lat' dir='ltr'>sunt</span> <span class='ocrx_word' id='word_1_64' title='bbox 1425 786 1621 826; x_wconf 83' lang='lat' dir='ltr'>appensa</span> <span class='ocrx_word' id='word_1_65' title='bbox 1654 771 1770 826; x_wconf 89' lang='lat' dir='ltr'>apud</span> <span class='ocrx_word' id='word_1_66' title='bbox 1801 770 2020 812; x_wconf 90' lang='lat' dir='ltr'>Abirdene</span> <span class='ocrx_word' id='word_1_67' title='bbox 2052 776 2209 825; x_wconf 89' lang='lat' dir='ltr'>quarto</span> 
     </span>
     <span class='ocr_line' id='line_1_9' title="bbox 406 839 2210 894; baseline -0.004 -6"><span class='ocrx_word' id='word_1_68' title='bbox 406 846 475 888; x_wconf 91' lang='lat' dir='ltr'>die</span> <span class='ocrx_word' id='word_1_69' title='bbox 519 845 685 887; x_wconf 84' lang='lat' dir='ltr'>mensis</span> <span class='ocrx_word' id='word_1_70' title='bbox 729 843 983 886; x_wconf 89' lang='lat' dir='ltr'>nouembris</span> <span class='ocrx_word' id='word_1_71' title='bbox 1026 856 1142 884; x_wconf 88' lang='lat' dir='ltr'>anno</span> <span class='ocrx_word' id='word_1_72' title='bbox 1186 841 1354 883; x_wconf 90' lang='lat' dir='ltr'>domini</span> <span class='ocrx_word' id='word_1_73' title='bbox 1402 840 1639 882; x_wconf 89' lang='lat' dir='ltr'>millesimo</span> <span class='ocrx_word' id='word_1_74' title='bbox 1683 839 2039 894; x_wconf 88' lang='lat' dir='ltr'>quingentesimo</span> <span class='ocrx_word' id='word_1_75' title='bbox 2086 844 2210 880; x_wconf 88' lang='lat' dir='ltr'>sexto</span> 
     </span>
     <span class='ocr_line' id='line_1_10' title="bbox 408 908 2212 968; baseline -0.004 -12"><span class='ocrx_word' id='word_1_76' title='bbox 408 916 569 957; x_wconf 89' lang='lat' dir='ltr'>Coram</span> <span class='ocrx_word' id='word_1_77' title='bbox 621 913 816 968; x_wconf 90' lang='lat' dir='ltr'>prouidis</span> <span class='ocrx_word' id='word_1_78' title='bbox 866 918 908 954; x_wconf 89' lang='lat' dir='ltr'>et</span> <span class='ocrx_word' id='word_1_79' title='bbox 961 911 1161 953; x_wconf 88' lang='lat' dir='ltr'>honestis</span> <span class='ocrx_word' id='word_1_80' title='bbox 1201 910 1306 952; x_wconf 87' lang='lat' dir='ltr'>viris</span> <span class='ocrx_word' id='word_1_81' title='bbox 1350 910 1588 952; x_wconf 78' lang='lat' dir='ltr'>alexandro</span> <span class='ocrx_word' id='word_1_82' title='bbox 1640 909 1856 951; x_wconf 87' lang='lat' dir='ltr'>malisone</span> <span class='ocrx_word' id='word_1_83' title='bbox 1905 910 2081 950; x_wconf 90' lang='lat' dir='ltr'>Andrea</span> <span class='ocrx_word' id='word_1_84' title='bbox 2127 908 2212 950; x_wconf 91' lang='lat' dir='ltr'>low</span> 
     </span>
     <span class='ocr_line' id='line_1_11' title="bbox 408 977 2212 1036; baseline -0.003 -12"><span class='ocrx_word' id='word_1_85' title='bbox 408 984 582 1024; x_wconf 83' lang='lat' dir='ltr'>Andrea</span> <span class='ocrx_word' id='word_1_86' title='bbox 626 983 825 1036; x_wconf 89' lang='lat' dir='ltr'>gordoun</span> <span class='ocrx_word' id='word_1_87' title='bbox 870 980 1018 1023; x_wconf 92' lang='lat' dir='ltr'>Dauid</span> <span class='ocrx_word' id='word_1_88' title='bbox 1067 994 1232 1034; x_wconf 89' lang='lat' dir='ltr'>coupar</span> <span class='ocrx_word' id='word_1_89' title='bbox 1278 978 1457 1021; x_wconf 89' lang='lat' dir='ltr'>domino</span> <span class='ocrx_word' id='word_1_90' title='bbox 1503 978 1733 1021; x_wconf 90' lang='lat' dir='ltr'>Willelmo</span> <span class='ocrx_word' id='word_1_91' title='bbox 1773 992 1938 1032; x_wconf 89' lang='lat' dir='ltr'>coupar</span> <span class='ocrx_word' id='word_1_92' title='bbox 1982 977 2212 1020; x_wconf 91' lang='lat' dir='ltr'>Willelmo</span> 
     </span>
    </p>
   </div>
   <div class='ocr_carea' id='block_1_4' title="bbox 409 1046 2212 1176">
    <p class='ocr_par' dir='ltr' id='par_1_4' title="bbox 409 1046 2212 1176">
     <span class='ocr_line' id='line_1_12' title="bbox 409 1046 2212 1105; baseline -0.003 -12"><span class='ocrx_word' id='word_1_93' title='bbox 409 1052 680 1105; x_wconf 87' lang='lat' dir='ltr'>scrimgeour</span> <span class='ocrx_word' id='word_1_94' title='bbox 695 1052 871 1093; x_wconf 91' lang='lat' dir='ltr'>Andrea</span> <span class='ocrx_word' id='word_1_95' title='bbox 895 1049 1090 1104; x_wconf 89' lang='lat' dir='ltr'>Nauchtj</span> <span class='ocrx_word' id='word_1_96' title='bbox 1119 1049 1320 1092; x_wconf 88' lang='lat' dir='ltr'>Iohanne</span> <span class='ocrx_word' id='word_1_97' title='bbox 1337 1049 1423 1091; x_wconf 91' lang='lat' dir='ltr'>cuk</span> <span class='ocrx_word' id='word_1_98' title='bbox 1445 1048 1701 1102; x_wconf 85' lang='lat' dir='ltr'>sergeandis</span> <span class='ocrx_word' id='word_1_99' title='bbox 1724 1048 1784 1089; x_wconf 91' lang='lat' dir='ltr'>Et</span> <span class='ocrx_word' id='word_1_100' title='bbox 1807 1047 1986 1089; x_wconf 89' lang='lat' dir='ltr'>domino</span> <span class='ocrx_word' id='word_1_101' title='bbox 2011 1046 2212 1092; x_wconf 85' lang='lat' dir='ltr'>Iohanne</span> 
     </span>
     <span class='ocr_line' id='line_1_13' title="bbox 411 1119 1060 1176; baseline -0.002 -13"><span class='ocrx_word' id='word_1_102' title='bbox 411 1121 654 1176; x_wconf 90' lang='lat' dir='ltr'>Stirueling</span> <span class='ocrx_word' id='word_1_103' title='bbox 676 1120 862 1164; x_wconf 87' lang='lat' dir='ltr'>Notario</span> <span class='ocrx_word' id='word_1_104' title='bbox 884 1119 1060 1175; x_wconf 89' lang='lat' dir='ltr'>publico</span> 
     </span>
    </p>
   </div>
   <div class='ocr_carea' id='block_1_5' title="bbox 1255 1284 1379 1324">
    <p class='ocr_par' dir='ltr' id='par_1_5' title="bbox 1255 1284 1379 1324">
     <span class='ocr_line' id='line_1_14' title="bbox 1255 1284 1379 1324; baseline 0 0"><span class='ocrx_word' id='word_1_105' title='bbox 1255 1284 1379 1324; x_wconf 92' lang='lat' dir='ltr'>LIX.</span> 
     </span>
    </p>
   </div>
   <div class='ocr_carea' id='block_1_6' title="bbox 442 1375 2186 1500">
    <p class='ocr_par' dir='ltr' id='par_1_6' title="bbox 442 1375 2186 1500">
     <span class='ocr_line' id='line_1_15' title="bbox 442 1375 2186 1432; baseline -0.002 -11"><span class='ocrx_word' id='word_1_106' title='bbox 442 1379 659 1421; x_wconf 79' lang='lat' dir='ltr'>Fundacio</span> <span class='ocrx_word' id='word_1_107' title='bbox 689 1378 836 1421; x_wconf 80' lang='lat' dir='ltr'>altaris</span> <span class='ocrx_word' id='word_1_108' title='bbox 870 1382 1103 1420; x_wconf 80' lang='lat' dir='ltr'>sanctorum</span> <span class='ocrx_word' id='word_1_109' title='bbox 1138 1376 1365 1432; x_wconf 75' lang='lat' dir='ltr'>Laurencij</span> <span class='ocrx_word' id='word_1_110' title='bbox 1399 1381 1435 1418; x_wconf 82' lang='lat' dir='ltr'>et</span> <span class='ocrx_word' id='word_1_111' title='bbox 1469 1376 1656 1431; x_wconf 79' lang='lat' dir='ltr'>Ninicmj</span> <span class='ocrx_word' id='word_1_112' title='bbox 1681 1376 1855 1431; x_wconf 77' lang='lat' dir='ltr'>fundati</span> <span class='ocrx_word' id='word_1_113' title='bbox 1878 1381 1953 1432; x_wconf 76' lang='lat' dir='ltr'>per</span> <span class='ocrx_word' id='word_1_114' title='bbox 1982 1375 2186 1432; x_wconf 79' lang='lat' dir='ltr'>quondam</span> 
     </span>
     <span class='ocr_line' id='line_1_16' title="bbox 803 1445 1824 1500; baseline -0.003 -10"><span class='ocrx_word' id='word_1_115' title='bbox 803 1448 899 1490; x_wconf 79' lang='lat' dir='ltr'>bone</span> <span class='ocrx_word' id='word_1_116' title='bbox 919 1447 1110 1489; x_wconf 76' lang='lat' dir='ltr'>memorie</span> <span class='ocrx_word' id='word_1_117' title='bbox 1137 1447 1392 1489; x_wconf 75' lang='lat' dir='ltr'>Willelmum</span> <span class='ocrx_word' id='word_1_118' title='bbox 1414 1446 1460 1487; x_wconf 79' lang='lat' dir='ltr'>de</span> <span class='ocrx_word' id='word_1_119' title='bbox 1482 1445 1596 1487; x_wconf 78' lang='lat' dir='ltr'>leitlzt</span> <span class='ocrx_word' id='word_1_120' title='bbox 1616 1446 1663 1487; x_wconf 78' lang='lat' dir='ltr'>de</span> <span class='ocrx_word' id='word_1_121' title='bbox 1685 1446 1824 1500; x_wconf 73' lang='lat' dir='ltr'>bernys</span> 
     </span>
    </p>
   </div>
   <div class='ocr_carea' id='block_1_7' title="bbox 417 1538 2230 2903">
    <p class='ocr_par' dir='ltr' id='par_1_7' title="bbox 487 1538 2215 1596">
     <span class='ocr_line' id='line_1_17' title="bbox 487 1538 2215 1596; baseline -0.002 -13"><span class='ocrx_word' id='word_1_122' title='bbox 487 1541 526 1582; x_wconf 92' lang='lat' dir='ltr'>N</span> <span class='ocrx_word' id='word_1_123' title='bbox 551 1540 705 1596; x_wconf 89' lang='lat' dir='ltr'>primis</span> <span class='ocrx_word' id='word_1_124' title='bbox 727 1542 780 1583; x_wconf 91' lang='lat' dir='ltr'>de</span> <span class='ocrx_word' id='word_1_125' title='bbox 801 1547 918 1583; x_wconf 90' lang='lat' dir='ltr'>terra</span> <span class='ocrx_word' id='word_1_126' title='bbox 940 1541 1163 1595; x_wconf 89' lang='lat' dir='ltr'>quondam</span> <span class='ocrx_word' id='word_1_127' title='bbox 1195 1539 1410 1582; x_wconf 87' lang='lat' dir='ltr'>Iohannis</span> <span class='ocrx_word' id='word_1_128' title='bbox 1433 1538 1587 1581; x_wconf 88' lang='lat' dir='ltr'>Blabir</span> <span class='ocrx_word' id='word_1_129' title='bbox 1614 1553 1732 1580; x_wconf 92' lang='lat' dir='ltr'>nunc</span> <span class='ocrx_word' id='word_1_130' title='bbox 1754 1538 2002 1593; x_wconf 85' lang='lat' dir='ltr'>pertinente</span> <span class='ocrx_word' id='word_1_131' title='bbox 2026 1538 2215 1592; x_wconf 90' lang='lat' dir='ltr'>Iohannj</span> 
     </span>
    </p>

    <p class='ocr_par' dir='ltr' id='par_1_8' title="bbox 417 1606 2220 1932">
     <span class='ocr_line' id='line_1_18' title="bbox 544 1606 2220 1662; baseline -0.003 -9"><span class='ocrx_word' id='word_1_132' title='bbox 544 1612 647 1654; x_wconf 90' lang='lat' dir='ltr'>blak</span> <span class='ocrx_word' id='word_1_133' title='bbox 680 1612 861 1653; x_wconf 90' lang='lat' dir='ltr'>Iacente</span> <span class='ocrx_word' id='word_1_134' title='bbox 893 1610 938 1651; x_wconf 93' lang='lat' dir='ltr'>in</span> <span class='ocrx_word' id='word_1_135' title='bbox 969 1609 1067 1652; x_wconf 89' lang='lat' dir='ltr'>vico</span> <span class='ocrx_word' id='word_1_136' title='bbox 1100 1610 1324 1652; x_wconf 84' lang='lat' dir='ltr'>furcarum</span> <span class='ocrx_word' id='word_1_137' title='bbox 1353 1623 1406 1651; x_wconf 85' lang='lat' dir='ltr'>ex</span> <span class='ocrx_word' id='word_1_138' title='bbox 1435 1608 1699 1651; x_wconf 89' lang='lat' dir='ltr'>occidentali</span> <span class='ocrx_word' id='word_1_139' title='bbox 1731 1615 1856 1662; x_wconf 88' lang='lat' dir='ltr'>parte</span> <span class='ocrx_word' id='word_1_140' title='bbox 1886 1608 1972 1650; x_wconf 92' lang='lat' dir='ltr'>vici</span> <span class='ocrx_word' id='word_1_141' title='bbox 2003 1606 2220 1649; x_wconf 87' lang='lat' dir='ltr'>inferioris</span> 
     </span>
     <span class='ocr_line' id='line_1_19' title="bbox 417 1676 2220 1733; baseline -0.003 -10"><span class='ocrx_word' id='word_1_142' title='bbox 417 1679 603 1723; x_wconf 87' lang='lat' dir='ltr'>ecclesie</span> <span class='ocrx_word' id='word_1_143' title='bbox 634 1679 749 1721; x_wconf 90' lang='lat' dir='ltr'>inter</span> <span class='ocrx_word' id='word_1_144' title='bbox 779 1686 943 1721; x_wconf 88' lang='lat' dir='ltr'>terram</span> <span class='ocrx_word' id='word_1_145' title='bbox 977 1680 1200 1733; x_wconf 91' lang='lat' dir='ltr'>quondam</span> <span class='ocrx_word' id='word_1_146' title='bbox 1232 1678 1450 1721; x_wconf 84' lang='lat' dir='ltr'>Willelmi</span> <span class='ocrx_word' id='word_1_147' title='bbox 1483 1679 1656 1720; x_wconf 91' lang='lat' dir='ltr'>Andree</span> <span class='ocrx_word' id='word_1_148' title='bbox 1686 1677 1836 1720; x_wconf 89' lang='lat' dir='ltr'>Iacobi</span> <span class='ocrx_word' id='word_1_149' title='bbox 1868 1692 1921 1719; x_wconf 88' lang='lat' dir='ltr'>ex</span> <span class='ocrx_word' id='word_1_150' title='bbox 1951 1676 2136 1719; x_wconf 85' lang='lat' dir='ltr'>australi</span> <span class='ocrx_word' id='word_1_151' title='bbox 2168 1691 2220 1718; x_wconf 85' lang='lat' dir='ltr'>ex</span> 
     </span>
     <span class='ocr_line' id='line_1_20' title="bbox 418 1745 2219 1803; baseline -0.003 -11"><span class='ocrx_word' id='word_1_152' title='bbox 418 1765 505 1792; x_wconf 81' lang='lat' dir='ltr'>vna</span> <span class='ocrx_word' id='word_1_153' title='bbox 527 1756 569 1792; x_wconf 89' lang='lat' dir='ltr'>et</span> <span class='ocrx_word' id='word_1_154' title='bbox 598 1763 881 1792; x_wconf 90' lang='lat' dir='ltr'>communem</span> <span class='ocrx_word' id='word_1_155' title='bbox 904 1748 1023 1791; x_wconf 90' lang='lat' dir='ltr'>viam</span> <span class='ocrx_word' id='word_1_156' title='bbox 1044 1748 1212 1803; x_wconf 86' lang='lat' dir='ltr'>regiam</span> <span class='ocrx_word' id='word_1_157' title='bbox 1236 1763 1288 1790; x_wconf 84' lang='lat' dir='ltr'>ex</span> <span class='ocrx_word' id='word_1_158' title='bbox 1310 1747 1474 1790; x_wconf 90' lang='lat' dir='ltr'>boreali</span> <span class='ocrx_word' id='word_1_159' title='bbox 1504 1754 1547 1790; x_wconf 90' lang='lat' dir='ltr'>et</span> <span class='ocrx_word' id='word_1_160' title='bbox 1569 1754 1733 1790; x_wconf 87' lang='lat' dir='ltr'>terram</span> <span class='ocrx_word' id='word_1_161' title='bbox 1756 1749 1978 1802; x_wconf 87' lang='lat' dir='ltr'>quondam</span> <span class='ocrx_word' id='word_1_162' title='bbox 2001 1745 2219 1790; x_wconf 91' lang='lat' dir='ltr'>Willelmi</span> 
     </span>
     <span class='ocr_line' id='line_1_21' title="bbox 420 1814 2220 1875; baseline -0.002 -14"><span class='ocrx_word' id='word_1_163' title='bbox 420 1826 572 1875; x_wconf 88' lang='lat' dir='ltr'>sprvnt</span> <span class='ocrx_word' id='word_1_164' title='bbox 614 1833 731 1861; x_wconf 90' lang='lat' dir='ltr'>nunc</span> <span class='ocrx_word' id='word_1_165' title='bbox 768 1818 1017 1874; x_wconf 83' lang='lat' dir='ltr'>pertinente</span> <span class='ocrx_word' id='word_1_166' title='bbox 1057 1817 1245 1873; x_wconf 88' lang='lat' dir='ltr'>gilberto</span> <span class='ocrx_word' id='word_1_167' title='bbox 1285 1816 1483 1859; x_wconf 85' lang='lat' dir='ltr'>Tulideff</span> <span class='ocrx_word' id='word_1_168' title='bbox 1517 1817 1739 1859; x_wconf 92' lang='lat' dir='ltr'>reddendo</span> <span class='ocrx_word' id='word_1_169' title='bbox 1774 1816 1876 1859; x_wconf 89' lang='lat' dir='ltr'>inde</span> <span class='ocrx_word' id='word_1_170' title='bbox 1912 1816 2054 1859; x_wconf 90' lang='lat' dir='ltr'>eidem</span> <span class='ocrx_word' id='word_1_171' title='bbox 2090 1814 2220 1858; x_wconf 88' lang='lat' dir='ltr'>altari</span> 
     </span>
     <span class='ocr_line' id='line_1_22' title="bbox 420 1886 1109 1932; baseline -0.006 0"><span class='ocrx_word' id='word_1_172' title='bbox 420 1888 652 1932; x_wconf 88' lang='lat' dir='ltr'>annuatim</span> <span class='ocrx_word' id='word_1_173' title='bbox 686 1887 907 1930; x_wconf 86' lang='lat' dir='ltr'>sexdecim</span> <span class='ocrx_word' id='word_1_174' title='bbox 945 1886 1109 1930; x_wconf 93' lang='lat' dir='ltr'>solidos</span> 
     </span>
    </p>

    <p class='ocr_par' dir='ltr' id='par_1_9' title="bbox 422 1952 2222 2292">
     <span class='ocr_line' id='line_1_23' title="bbox 538 1952 2221 2011; baseline -0.003 -12"><span class='ocrx_word' id='word_1_175' title='bbox 538 1959 653 2000; x_wconf 90' lang='lat' dir='ltr'>Item</span> <span class='ocrx_word' id='word_1_176' title='bbox 694 1959 747 2000; x_wconf 90' lang='lat' dir='ltr'>de</span> <span class='ocrx_word' id='word_1_177' title='bbox 787 1964 904 2000; x_wconf 88' lang='lat' dir='ltr'>terra</span> <span class='ocrx_word' id='word_1_178' title='bbox 945 1957 1168 2011; x_wconf 91' lang='lat' dir='ltr'>quondam</span> <span class='ocrx_word' id='word_1_179' title='bbox 1206 1954 1415 2011; x_wconf 89' lang='lat' dir='ltr'>Symonis</span> <span class='ocrx_word' id='word_1_180' title='bbox 1451 1953 1593 1998; x_wconf 91' lang='lat' dir='ltr'>blabir</span> <span class='ocrx_word' id='word_1_181' title='bbox 1627 1968 1744 1997; x_wconf 90' lang='lat' dir='ltr'>nunc</span> <span class='ocrx_word' id='word_1_182' title='bbox 1782 1953 1972 1997; x_wconf 89' lang='lat' dir='ltr'>Iohanni</span> <span class='ocrx_word' id='word_1_183' title='bbox 2014 1952 2221 1996; x_wconf 87' lang='lat' dir='ltr'>Colisone</span> 
     </span>
     <span class='ocr_line' id='line_1_24' title="bbox 422 2023 2222 2082; baseline -0.003 -13"><span class='ocrx_word' id='word_1_184' title='bbox 422 2027 670 2082; x_wconf 89' lang='lat' dir='ltr'>pertinente</span> <span class='ocrx_word' id='word_1_185' title='bbox 709 2028 889 2069; x_wconf 92' lang='lat' dir='ltr'>Iacente</span> <span class='ocrx_word' id='word_1_186' title='bbox 930 2026 974 2068; x_wconf 91' lang='lat' dir='ltr'>in</span> <span class='ocrx_word' id='word_1_187' title='bbox 1016 2027 1171 2069; x_wconf 90' lang='lat' dir='ltr'>eodem</span> <span class='ocrx_word' id='word_1_188' title='bbox 1202 2026 1300 2068; x_wconf 88' lang='lat' dir='ltr'>vico</span> <span class='ocrx_word' id='word_1_189' title='bbox 1336 2040 1389 2067; x_wconf 88' lang='lat' dir='ltr'>ex</span> <span class='ocrx_word' id='word_1_190' title='bbox 1421 2025 1685 2068; x_wconf 90' lang='lat' dir='ltr'>occidentali</span> <span class='ocrx_word' id='word_1_191' title='bbox 1717 2025 1851 2080; x_wconf 74' lang='lat' dir='ltr'>parte&#39;</span> <span class='ocrx_word' id='word_1_192' title='bbox 1873 2024 2070 2066; x_wconf 90' lang='lat' dir='ltr'>eiusdem</span> <span class='ocrx_word' id='word_1_193' title='bbox 2107 2023 2222 2065; x_wconf 90' lang='lat' dir='ltr'>inter</span> 
     </span>
     <span class='ocr_line' id='line_1_25' title="bbox 423 2093 2221 2152; baseline -0.003 -12"><span class='ocrx_word' id='word_1_194' title='bbox 423 2105 587 2140; x_wconf 89' lang='lat' dir='ltr'>terram</span> <span class='ocrx_word' id='word_1_195' title='bbox 620 2098 843 2152; x_wconf 91' lang='lat' dir='ltr'>quondam</span> <span class='ocrx_word' id='word_1_196' title='bbox 878 2097 1061 2140; x_wconf 90' lang='lat' dir='ltr'>Roberti</span> <span class='ocrx_word' id='word_1_197' title='bbox 1098 2095 1313 2138; x_wconf 86' lang='lat' dir='ltr'>Blinseile</span> <span class='ocrx_word' id='word_1_198' title='bbox 1344 2110 1461 2138; x_wconf 93' lang='lat' dir='ltr'>nunc</span> <span class='ocrx_word' id='word_1_199' title='bbox 1495 2095 1730 2138; x_wconf 87' lang='lat' dir='ltr'>heredibus</span> <span class='ocrx_word' id='word_1_200' title='bbox 1762 2094 1854 2137; x_wconf 90' lang='lat' dir='ltr'>suis</span> <span class='ocrx_word' id='word_1_201' title='bbox 1884 2093 2133 2149; x_wconf 90' lang='lat' dir='ltr'>pertinente</span> <span class='ocrx_word' id='word_1_202' title='bbox 2169 2107 2221 2134; x_wconf 86' lang='lat' dir='ltr'>ex</span> 
     </span>
     <span class='ocr_line' id='line_1_26' title="bbox 424 2163 2221 2221; baseline -0.004 -10"><span class='ocrx_word' id='word_1_203' title='bbox 424 2167 588 2211; x_wconf 89' lang='lat' dir='ltr'>boreali</span> <span class='ocrx_word' id='word_1_204' title='bbox 629 2182 681 2209; x_wconf 84' lang='lat' dir='ltr'>ex</span> <span class='ocrx_word' id='word_1_205' title='bbox 721 2182 808 2210; x_wconf 88' lang='lat' dir='ltr'>vna</span> <span class='ocrx_word' id='word_1_206' title='bbox 849 2174 892 2210; x_wconf 89' lang='lat' dir='ltr'>et</span> <span class='ocrx_word' id='word_1_207' title='bbox 933 2182 1194 2210; x_wconf 91' lang='lat' dir='ltr'>communes</span> <span class='ocrx_word' id='word_1_208' title='bbox 1230 2166 1326 2209; x_wconf 90' lang='lat' dir='ltr'>vias</span> <span class='ocrx_word' id='word_1_209' title='bbox 1361 2166 1506 2221; x_wconf 89' lang='lat' dir='ltr'>regias</span> <span class='ocrx_word' id='word_1_210' title='bbox 1547 2181 1600 2208; x_wconf 85' lang='lat' dir='ltr'>ex</span> <span class='ocrx_word' id='word_1_211' title='bbox 1640 2165 1843 2208; x_wconf 87' lang='lat' dir='ltr'>orientali</span> <span class='ocrx_word' id='word_1_212' title='bbox 1879 2171 1921 2207; x_wconf 92' lang='lat' dir='ltr'>et</span> <span class='ocrx_word' id='word_1_213' title='bbox 1958 2163 2221 2206; x_wconf 89' lang='lat' dir='ltr'>occidentali</span> 
     </span>
     <span class='ocr_line' id='line_1_27' title="bbox 424 2233 2188 2292; baseline -0.003 -12"><span class='ocrx_word' id='word_1_214' title='bbox 424 2237 624 2292; x_wconf 87' lang='lat' dir='ltr'>partibus</span> <span class='ocrx_word' id='word_1_215' title='bbox 645 2238 700 2279; x_wconf 88' lang='lat' dir='ltr'>ab</span> <span class='ocrx_word' id='word_1_216' title='bbox 722 2237 862 2279; x_wconf 88' lang='lat' dir='ltr'>altera</span> <span class='ocrx_word' id='word_1_217' title='bbox 885 2238 1128 2280; x_wconf 90' lang='lat' dir='ltr'>Reddendo</span> <span class='ocrx_word' id='word_1_218' title='bbox 1150 2236 1251 2279; x_wconf 89' lang='lat' dir='ltr'>inde</span> <span class='ocrx_word' id='word_1_219' title='bbox 1273 2235 1506 2278; x_wconf 88' lang='lat' dir='ltr'>annuatim</span> <span class='ocrx_word' id='word_1_220' title='bbox 1528 2235 1671 2278; x_wconf 90' lang='lat' dir='ltr'>eidem</span> <span class='ocrx_word' id='word_1_221' title='bbox 1693 2235 1823 2277; x_wconf 89' lang='lat' dir='ltr'>altari</span> <span class='ocrx_word' id='word_1_222' title='bbox 1843 2234 1998 2289; x_wconf 86' lang='lat' dir='ltr'>vigintj</span> <span class='ocrx_word' id='word_1_223' title='bbox 2024 2233 2188 2276; x_wconf 92' lang='lat' dir='ltr'>solidos</span> 
     </span>
    </p>

    <p class='ocr_par' dir='ltr' id='par_1_10' title="bbox 428 2303 2226 2696">
     <span class='ocr_line' id='line_1_28' title="bbox 542 2303 2222 2360; baseline -0.002 -13"><span class='ocrx_word' id='word_1_224' title='bbox 542 2307 658 2348; x_wconf 92' lang='lat' dir='ltr'>Item</span> <span class='ocrx_word' id='word_1_225' title='bbox 687 2307 740 2348; x_wconf 92' lang='lat' dir='ltr'>de</span> <span class='ocrx_word' id='word_1_226' title='bbox 760 2320 847 2348; x_wconf 90' lang='lat' dir='ltr'>vna</span> <span class='ocrx_word' id='word_1_227' title='bbox 869 2312 985 2349; x_wconf 89' lang='lat' dir='ltr'>terra</span> <span class='ocrx_word' id='word_1_228' title='bbox 1009 2307 1190 2348; x_wconf 88' lang='lat' dir='ltr'>Iacente</span> <span class='ocrx_word' id='word_1_229' title='bbox 1212 2305 1256 2347; x_wconf 91' lang='lat' dir='ltr'>in</span> <span class='ocrx_word' id='word_1_230' title='bbox 1280 2304 1503 2360; x_wconf 87' lang='lat' dir='ltr'>superiore</span> <span class='ocrx_word' id='word_1_231' title='bbox 1525 2311 1649 2359; x_wconf 91' lang='lat' dir='ltr'>parte</span> <span class='ocrx_word' id='word_1_232' title='bbox 1674 2304 1870 2346; x_wconf 90' lang='lat' dir='ltr'>eiusdem</span> <span class='ocrx_word' id='word_1_233' title='bbox 1892 2303 1977 2345; x_wconf 90' lang='lat' dir='ltr'>vici</span> <span class='ocrx_word' id='word_1_234' title='bbox 1999 2303 2222 2357; x_wconf 88' lang='lat' dir='ltr'>quondam</span> 
     </span>
     <span class='ocr_line' id='line_1_29' title="bbox 429 2371 2223 2430; baseline -0.002 -14"><span class='ocrx_word' id='word_1_235' title='bbox 429 2374 643 2417; x_wconf 89' lang='lat' dir='ltr'>Iohannis</span> <span class='ocrx_word' id='word_1_236' title='bbox 675 2389 875 2430; x_wconf 90' lang='lat' dir='ltr'>crommy</span> <span class='ocrx_word' id='word_1_237' title='bbox 906 2375 1154 2430; x_wconf 88' lang='lat' dir='ltr'>pertinente</span> <span class='ocrx_word' id='word_1_238' title='bbox 1187 2388 1305 2417; x_wconf 90' lang='lat' dir='ltr'>nunc</span> <span class='ocrx_word' id='word_1_239' title='bbox 1337 2380 1486 2416; x_wconf 92' lang='lat' dir='ltr'>autem</span> <span class='ocrx_word' id='word_1_240' title='bbox 1519 2372 1766 2428; x_wconf 92' lang='lat' dir='ltr'>pertinente</span> <span class='ocrx_word' id='word_1_241' title='bbox 1801 2371 1991 2426; x_wconf 88' lang='lat' dir='ltr'>Iohanni</span> <span class='ocrx_word' id='word_1_242' title='bbox 2024 2377 2223 2413; x_wconf 88' lang='lat' dir='ltr'>watsone</span> 
     </span>
     <span class='ocr_line' id='line_1_30' title="bbox 428 2440 2224 2500; baseline -0.003 -13"><span class='ocrx_word' id='word_1_243' title='bbox 428 2460 561 2500; x_wconf 89' lang='lat' dir='ltr'>quam</span> <span class='ocrx_word' id='word_1_244' title='bbox 596 2446 719 2487; x_wconf 89' lang='lat' dir='ltr'>Idem</span> <span class='ocrx_word' id='word_1_245' title='bbox 754 2445 978 2488; x_wconf 91' lang='lat' dir='ltr'>Iohannes</span> <span class='ocrx_word' id='word_1_246' title='bbox 1009 2445 1142 2487; x_wconf 90' lang='lat' dir='ltr'>habet</span> <span class='ocrx_word' id='word_1_247' title='bbox 1173 2444 1218 2486; x_wconf 92' lang='lat' dir='ltr'>in</span> <span class='ocrx_word' id='word_1_248' title='bbox 1248 2443 1494 2486; x_wconf 86' lang='lat' dir='ltr'>feodifirma</span> <span class='ocrx_word' id='word_1_249' title='bbox 1526 2444 1578 2485; x_wconf 92' lang='lat' dir='ltr'>de</span> <span class='ocrx_word' id='word_1_250' title='bbox 1609 2441 1852 2498; x_wconf 90' lang='lat' dir='ltr'>capellanis</span> <span class='ocrx_word' id='word_1_251' title='bbox 1885 2441 2007 2484; x_wconf 91' lang='lat' dir='ltr'>chori</span> <span class='ocrx_word' id='word_1_252' title='bbox 2038 2440 2224 2483; x_wconf 84' lang='lat' dir='ltr'>ecclesie</span> 
     </span>
     <span class='ocr_line' id='line_1_31' title="bbox 430 2509 2222 2568; baseline -0.002 -13"><span class='ocrx_word' id='word_1_253' title='bbox 430 2513 572 2556; x_wconf 91' lang='lat' dir='ltr'>sancti</span> <span class='ocrx_word' id='word_1_254' title='bbox 613 2513 824 2568; x_wconf 85' lang='lat' dir='ltr'>nicholaij</span> <span class='ocrx_word' id='word_1_255' title='bbox 870 2513 1067 2556; x_wconf 91' lang='lat' dir='ltr'>eiusdem</span> <span class='ocrx_word' id='word_1_256' title='bbox 1113 2512 1238 2568; x_wconf 86' lang='lat' dir='ltr'>burgj</span> <span class='ocrx_word' id='word_1_257' title='bbox 1291 2513 1406 2555; x_wconf 90' lang='lat' dir='ltr'>inter</span> <span class='ocrx_word' id='word_1_258' title='bbox 1454 2518 1617 2554; x_wconf 85' lang='lat' dir='ltr'>terram</span> <span class='ocrx_word' id='word_1_259' title='bbox 1668 2511 1998 2566; x_wconf 91' lang='lat' dir='ltr'>capellanorum</span> <span class='ocrx_word' id='word_1_260' title='bbox 2049 2509 2222 2564; x_wconf 88' lang='lat' dir='ltr'>collegij</span> 
     </span>
     <span class='ocr_line' id='line_1_32' title="bbox 430 2580 2226 2626; baseline -0.003 0"><span class='ocrx_word' id='word_1_261' title='bbox 430 2583 615 2626; x_wconf 89' lang='lat' dir='ltr'>ecclesie</span> <span class='ocrx_word' id='word_1_262' title='bbox 638 2583 932 2626; x_wconf 88' lang='lat' dir='ltr'>cathederalis</span> <span class='ocrx_word' id='word_1_263' title='bbox 948 2582 1254 2626; x_wconf 90' lang='lat' dir='ltr'>abirdonensis</span> <span class='ocrx_word' id='word_1_264' title='bbox 1276 2597 1328 2625; x_wconf 83' lang='lat' dir='ltr'>ex</span> <span class='ocrx_word' id='word_1_265' title='bbox 1350 2581 1534 2625; x_wconf 88' lang='lat' dir='ltr'>australi</span> <span class='ocrx_word' id='word_1_266' title='bbox 1551 2588 1594 2624; x_wconf 91' lang='lat' dir='ltr'>et</span> <span class='ocrx_word' id='word_1_267' title='bbox 1611 2587 1775 2624; x_wconf 91' lang='lat' dir='ltr'>terram</span> <span class='ocrx_word' id='word_1_268' title='bbox 1794 2580 1942 2623; x_wconf 86' lang='lat' dir='ltr'>Dauid</span> <span class='ocrx_word' id='word_1_269' title='bbox 1961 2595 2057 2622; x_wconf 87' lang='lat' dir='ltr'>mar</span> <span class='ocrx_word' id='word_1_270' title='bbox 2071 2593 2226 2621; x_wconf 90' lang='lat' dir='ltr'>versus</span> 
     </span>
     <span class='ocr_line' id='line_1_33' title="bbox 431 2649 2118 2696; baseline -0.002 -2"><span class='ocrx_word' id='word_1_271' title='bbox 431 2654 608 2696; x_wconf 88' lang='lat' dir='ltr'>boream</span> <span class='ocrx_word' id='word_1_272' title='bbox 631 2653 852 2694; x_wconf 91' lang='lat' dir='ltr'>reddendo</span> <span class='ocrx_word' id='word_1_273' title='bbox 874 2652 1015 2695; x_wconf 89' lang='lat' dir='ltr'>eidem</span> <span class='ocrx_word' id='word_1_274' title='bbox 1039 2652 1168 2695; x_wconf 91' lang='lat' dir='ltr'>altari</span> <span class='ocrx_word' id='word_1_275' title='bbox 1189 2651 1421 2695; x_wconf 91' lang='lat' dir='ltr'>annuatim</span> <span class='ocrx_word' id='word_1_276' title='bbox 1445 2665 1520 2693; x_wconf 87' lang='lat' dir='ltr'>sex</span> <span class='ocrx_word' id='word_1_277' title='bbox 1542 2650 1706 2693; x_wconf 89' lang='lat' dir='ltr'>solidos</span> <span class='ocrx_word' id='word_1_278' title='bbox 1727 2656 1770 2693; x_wconf 92' lang='lat' dir='ltr'>et</span> <span class='ocrx_word' id='word_1_279' title='bbox 1792 2657 1892 2693; x_wconf 94' lang='lat' dir='ltr'>octo</span> <span class='ocrx_word' id='word_1_280' title='bbox 1914 2649 2118 2692; x_wconf 88' lang='lat' dir='ltr'>denarios</span> 
     </span>
    </p>

    <p class='ocr_par' dir='ltr' id='par_1_11' title="bbox 433 2718 2230 2903">
     <span class='ocr_line' id='line_1_34' title="bbox 549 2718 2229 2777; baseline -0.001 -15"><span class='ocrx_word' id='word_1_281' title='bbox 549 2722 664 2763; x_wconf 90' lang='lat' dir='ltr'>Item</span> <span class='ocrx_word' id='word_1_282' title='bbox 694 2723 746 2763; x_wconf 93' lang='lat' dir='ltr'>de</span> <span class='ocrx_word' id='word_1_283' title='bbox 775 2721 893 2764; x_wconf 89' lang='lat' dir='ltr'>dicta</span> <span class='ocrx_word' id='word_1_284' title='bbox 915 2728 1031 2764; x_wconf 88' lang='lat' dir='ltr'>terra</span> <span class='ocrx_word' id='word_1_285' title='bbox 1058 2721 1196 2777; x_wconf 89' lang='lat' dir='ltr'>ipsius</span> <span class='ocrx_word' id='word_1_286' title='bbox 1224 2721 1414 2764; x_wconf 89' lang='lat' dir='ltr'>Dauidis</span> <span class='ocrx_word' id='word_1_287' title='bbox 1439 2735 1535 2763; x_wconf 91' lang='lat' dir='ltr'>mar</span> <span class='ocrx_word' id='word_1_288' title='bbox 1559 2720 1731 2762; x_wconf 89' lang='lat' dir='ltr'>iacente</span> <span class='ocrx_word' id='word_1_289' title='bbox 1753 2720 1798 2761; x_wconf 91' lang='lat' dir='ltr'>in</span> <span class='ocrx_word' id='word_1_290' title='bbox 1820 2721 1974 2762; x_wconf 90' lang='lat' dir='ltr'>eodem</span> <span class='ocrx_word' id='word_1_291' title='bbox 1995 2719 2093 2762; x_wconf 91' lang='lat' dir='ltr'>vico</span> <span class='ocrx_word' id='word_1_292' title='bbox 2114 2718 2229 2760; x_wconf 91' lang='lat' dir='ltr'>inter</span> 
     </span>
     <span class='ocr_line' id='line_1_35' title="bbox 433 2787 2230 2844; baseline -0.002 -10"><span class='ocrx_word' id='word_1_293' title='bbox 433 2798 597 2834; x_wconf 88' lang='lat' dir='ltr'>terram</span> <span class='ocrx_word' id='word_1_294' title='bbox 638 2791 790 2833; x_wconf 91' lang='lat' dir='ltr'>thome</span> <span class='ocrx_word' id='word_1_295' title='bbox 831 2792 1007 2834; x_wconf 90' lang='lat' dir='ltr'>buchan</span> <span class='ocrx_word' id='word_1_296' title='bbox 1048 2806 1101 2834; x_wconf 84' lang='lat' dir='ltr'>ex</span> <span class='ocrx_word' id='word_1_297' title='bbox 1142 2791 1305 2835; x_wconf 91' lang='lat' dir='ltr'>boreali</span> <span class='ocrx_word' id='word_1_298' title='bbox 1347 2797 1390 2833; x_wconf 91' lang='lat' dir='ltr'>et</span> <span class='ocrx_word' id='word_1_299' title='bbox 1431 2790 1596 2833; x_wconf 90' lang='lat' dir='ltr'>dictam</span> <span class='ocrx_word' id='word_1_300' title='bbox 1633 2797 1798 2832; x_wconf 89' lang='lat' dir='ltr'>terram</span> <span class='ocrx_word' id='word_1_301' title='bbox 1834 2789 1974 2844; x_wconf 88' lang='lat' dir='ltr'>ipsius</span> <span class='ocrx_word' id='word_1_302' title='bbox 2016 2787 2230 2832; x_wconf 88' lang='lat' dir='ltr'>Iohannis</span> 
     </span>
     <span class='ocr_line' id='line_1_36' title="bbox 435 2860 1589 2903; baseline -0.001 -1"><span class='ocrx_word' id='word_1_303' title='bbox 435 2867 632 2903; x_wconf 80' lang='lat' dir='ltr'>watsone</span> <span class='ocrx_word' id='word_1_304' title='bbox 655 2876 707 2902; x_wconf 86' lang='lat' dir='ltr'>ex</span> <span class='ocrx_word' id='word_1_305' title='bbox 729 2861 913 2903; x_wconf 89' lang='lat' dir='ltr'>australi</span> <span class='ocrx_word' id='word_1_306' title='bbox 935 2862 1157 2903; x_wconf 90' lang='lat' dir='ltr'>reddendo</span> <span class='ocrx_word' id='word_1_307' title='bbox 1180 2861 1281 2903; x_wconf 92' lang='lat' dir='ltr'>inde</span> <span class='ocrx_word' id='word_1_308' title='bbox 1303 2867 1403 2903; x_wconf 92' lang='lat' dir='ltr'>octo</span> <span class='ocrx_word' id='word_1_309' title='bbox 1425 2860 1589 2902; x_wconf 93' lang='lat' dir='ltr'>solidos</span> 
     </span>
    </p>
   </div>
   <div class='ocr_carea' id='block_1_8' title="bbox 553 2925 2236 2985">
    <p class='ocr_par' dir='ltr' id='par_1_12' title="bbox 553 2925 2236 2985">
     <span class='ocr_line' id='line_1_37' title="bbox 553 2925 2236 2985; baseline -0.003 -13"><span class='ocrx_word' id='word_1_310' title='bbox 553 2931 666 2972; x_wconf 89' lang='lat' dir='ltr'>Item</span> <span class='ocrx_word' id='word_1_311' title='bbox 700 2931 752 2973; x_wconf 90' lang='lat' dir='ltr'>de</span> <span class='ocrx_word' id='word_1_312' title='bbox 784 2938 901 2973; x_wconf 89' lang='lat' dir='ltr'>terra</span> <span class='ocrx_word' id='word_1_313' title='bbox 933 2932 1155 2985; x_wconf 90' lang='lat' dir='ltr'>quondam</span> <span class='ocrx_word' id='word_1_314' title='bbox 1195 2930 1410 2973; x_wconf 90' lang='lat' dir='ltr'>Iohannis</span> <span class='ocrx_word' id='word_1_315' title='bbox 1441 2931 1646 2973; x_wconf 89' lang='lat' dir='ltr'>Wormet</span> <span class='ocrx_word' id='word_1_316' title='bbox 1681 2930 1861 2972; x_wconf 91' lang='lat' dir='ltr'>Iacente</span> <span class='ocrx_word' id='word_1_317' title='bbox 1893 2928 1938 2970; x_wconf 92' lang='lat' dir='ltr'>in</span> <span class='ocrx_word' id='word_1_318' title='bbox 1968 2927 2066 2971; x_wconf 93' lang='lat' dir='ltr'>vico</span> <span class='ocrx_word' id='word_1_319' title='bbox 2101 2925 2236 2971; x_wconf 88' lang='lat' dir='ltr'>castri</span> 
     </span>
    </p>
   </div>
  </div>
 </body>
</html>
