2524 3418
780 273 980 314 Redditus
1012 273 1157 313 altaris
1187 276 1321 313 sancte
1351 271 1480 312 crucis
1981 282 2033 324 59

225 390 341 432 inter
369 396 534 432 terram
570 388 744 431 heredis
780 389 1004 442 quondam
1037 386 1235 429 vilhelmi
1269 385 1380 440 pulti
1413 400 1466 428 ex
1496 391 1621 440 parte
1653 385 1839 427 australi
1871 390 1914 427 et
1946 391 2030 427 ter-

225 475 320 503 ram
366 460 580 503 Iohannis
622 458 887 501 mathosone
924 473 976 500 ex
1018 463 1144 512 parte
1181 457 1344 499 boreali
1379 457 1439 498 Et
1477 457 1530 498 de
1568 454 1714 498 media
1750 460 1875 510 parte
1915 460 2030 496 terre

226 530 448 572 interioris
485 529 683 572 eiusdem
715 527 911 570 Iacentis
940 527 1054 569 inter
1083 534 1247 569 terram
1279 525 1479 568 vilhelmi
1512 526 1788 568 adamsoune
1821 538 1875 566 ex
1905 529 2031 578 parte

225 599 492 642 occidentali
544 606 586 641 et
632 612 917 640 communem
968 597 1189 639 venellam
1237 596 1406 651 regiam
1454 610 1540 650 qua
1587 594 1676 637 itur
1722 595 1779 637 ad
1829 598 2028 635 montem

224 668 357 723 castrj
383 669 489 710 dicti
513 668 638 723 burgi
661 683 714 710 ex
746 674 871 722 parte
894 666 1098 709 orientali
1131 668 1186 709 ob
1209 666 1431 709 defectum
1455 664 1697 708 solucionis
1729 662 1864 718 annuj
1888 662 2030 705 reddi-

222 745 297 781 tus
332 739 488 793 vigintj
534 738 777 780 solidorum
820 744 997 779 monete
1039 736 1183 779 scocie
1226 736 1358 779 dictis
1400 735 1616 778 altaribus
1657 740 1706 777 ut
1748 733 2031 777 asserebatur

223 808 385 851 debitis
407 810 460 851 de
482 808 650 850 eisdem
673 815 715 850 et
739 823 764 850 a
786 807 932 863 longis
953 807 1229 862 temporibus
1252 821 1340 849 non
1364 806 1523 849 solutis
1546 804 1719 862 Quibus
1748 801 2031 860 processibus

223 879 315 920 alta
337 885 380 920 et
412 878 679 933 intelligibili
702 893 809 920 voce
841 877 1048 932 perlectis
1077 877 1122 918 in
1145 877 1280 932 plana
1306 876 1428 919 curia
1455 875 1636 930 capitali
1670 873 1835 917 auditis
1867 872 2030 928 allega-

224 947 426 990 cionibus
447 947 676 1002 Vtriusque
698 947 838 1002 partis
870 947 974 989 hinc
998 946 1099 989 inde
1122 953 1165 988 et
1195 945 1440 1001 euidencijs
1463 945 1598 988 cartis
1623 950 1666 987 et
1687 942 2032 986 fundacionibus

223 1031 375 1059 eorum
419 1018 648 1072 productis
695 1016 888 1060 ostensis
940 1016 1156 1071 inspectis
1203 1023 1245 1058 et
1292 1015 1533 1058 intellectis
1583 1014 1780 1069 prefatus
1821 1012 2031 1056 dominus

223 1087 478 1130 allexander
513 1088 615 1130 club
652 1088 832 1130 nomine
866 1102 952 1141 quo
990 1101 1124 1141 supra
1160 1086 1295 1141 pecijt
1333 1100 1434 1128 cum
1471 1084 1695 1128 instancia
1730 1085 1784 1127 de
1819 1082 2032 1139 predictis

221 1157 351 1199 terris
388 1173 489 1200 curn
522 1158 810 1213 pertinencijs
843 1157 926 1199 sibi
949 1156 1042 1199 dari
1077 1156 1193 1201 Iuris
1221 1162 1264 1198 et
1299 1155 1482 1198 Iusticie
1513 1154 1894 1209 complementum
1915 1153 2031 1195 vnde

221 1226 330 1270 hora
352 1227 438 1270 diei
470 1228 689 1283 legittime
711 1234 972 1283 exspectata
994 1227 1154 1270 ceteris
1177 1241 1261 1281 que
1283 1226 1478 1281 peractis
1500 1240 1584 1281 que
1607 1227 1713 1268 ordo
1747 1224 1862 1268 Iuris
1893 1223 2029 1279 exigit

220 1305 263 1341 et
300 1298 482 1353 requirit
520 1298 642 1340 curia
679 1299 790 1341 bene
827 1304 870 1340 et
908 1303 1082 1340 mature
1120 1296 1296 1339 auisata
1331 1296 1517 1338 bedellis
1550 1295 1850 1338 clamantibus
1886 1294 1923 1337 si
1955 1293 2030 1349 qui

220 1374 370 1410 essent
400 1369 455 1410 ad
485 1369 800 1422 opponendum
831 1366 1228 1409 contradicendum
1250 1366 1318 1408 vel
1343 1365 1492 1420 aliqua
1515 1364 1603 1408 alia
1625 1366 1681 1407 ad
1702 1365 2028 1407 ostendendum

218 1438 287 1480 vel
311 1438 549 1480 dicendum
567 1444 723 1480 contra
745 1437 889 1480 dictos
907 1451 1143 1492 processus
1166 1437 1226 1478 Et
1242 1435 1378 1478 nullis
1400 1434 1730 1490 opponentibus
1751 1448 1833 1477 nec
1855 1440 2030 1477 contra-

220 1508 471 1551 dicentibus
493 1510 720 1551 decretum
737 1507 820 1550 fuit
842 1522 920 1563 per
941 1507 1110 1549 curiam
1134 1513 1176 1549 et
1200 1507 1355 1549 datum
1378 1520 1457 1561 pro
1481 1504 1652 1548 Iudicio
1669 1519 1746 1560 per
1762 1519 1812 1547 os
1828 1503 2027 1559 vilhelmj

220 1579 375 1621 serreff
391 1578 652 1621 indicatoris
670 1577 790 1620 curie
809 1578 925 1632 quod
948 1577 1095 1619 dictus
1113 1575 1321 1619 dominus
1339 1575 1595 1618 allexander
1616 1574 1718 1618 club
1740 1573 1921 1616 nomine
1943 1588 2029 1629 quo

220 1663 355 1703 supra
376 1648 685 1703 possessiones
708 1654 750 1690 et
773 1647 1091 1702 proprietatem
1115 1646 1336 1690 dictarum
1363 1652 1582 1688 terrarum
1612 1659 1714 1687 cum
1741 1643 2030 1700 pertinencijs

219 1732 412 1761 vnacum
453 1718 595 1760 firmis
632 1724 674 1760 et
717 1717 1081 1773 peruenientibus
1123 1718 1364 1759 earundem
1406 1715 1626 1771 legittime
1657 1714 1938 1770 recuperauit
1974 1715 2030 1758 ob

220 1788 442 1830 defectum
466 1787 708 1830 solucionis
731 1787 866 1830 annui
889 1787 1089 1829 redditus
1111 1785 1332 1841 prenotatj
1365 1791 1630 1841 perpetuum
1653 1783 1888 1828 silencium
1910 1783 2030 1826 dicto

219 1858 400 1900 domino
431 1858 621 1900 Iohanni
655 1859 845 1900 modane
868 1872 919 1899 ac
952 1857 1160 1899 omnibus
1183 1856 1284 1912 alijs
1305 1855 1350 1897 in
1371 1856 1571 1898 futurum
1605 1855 1784 1910 aliquod
1807 1854 2028 1896 clameum

218 1927 585 1982 pretendentibus
614 1927 884 1982 imponendo
911 1928 964 1969 de
987 1933 1030 1968 et
1054 1941 1187 1981 super
1215 1925 1375 1980 quibus
1400 1924 1609 1968 omnibus
1639 1930 1683 1966 et
1716 1922 1904 1978 singulis
1935 1936 2029 1977 pre—

216 1999 336 2041 fatus
354 1999 562 2041 dominus
585 1999 840 2041 allexander
863 1999 977 2041 Club
1000 2003 1178 2039 nostras
1195 1996 1349 2038 literas
1365 1994 1694 2038 testimoniales
1712 1992 1795 2037 sibi
1813 1992 1905 2047 darj
1926 2006 2029 2035 cum

218 2068 442 2111 instancia
464 2069 598 2123 pecijt
622 2083 733 2122 quas
756 2068 839 2110 sibi
862 2067 1170 2110 concessimus
1193 2066 1350 2121 Sigillo
1373 2071 1526 2108 nostro
1547 2065 1739 2107 rotundo
1761 2077 1848 2118 quo
1863 2062 2032 2105 vtimur

217 2139 273 2181 ad
295 2154 456 2182 causas
479 2138 726 2181 munimine
755 2140 986 2181 roboratas
1009 2138 1052 2179 in
1075 2137 1386 2180 testimonium
1407 2136 1610 2179 veritatis
1631 2137 1761 2177 Anno
1783 2133 1853 2176 die
1876 2147 2029 2176 mense

217 2215 260 2251 et
297 2209 395 2252 loco
432 2209 701 2264 supradictis
735 2210 898 2252 Coram
936 2209 1024 2263 hijs
1056 2207 1247 2250 testibus
1281 2207 1475 2249 Ricardo
1507 2206 1669 2261 kyntor
1701 2203 1902 2246 Iohanne
1934 2216 2032 2245 mar

216 2280 395 2322 Andrea
427 2280 544 2335 alanj
589 2281 767 2322 Andrea
805 2280 986 2321 scherar
1022 2278 1156 2321 dauid
1191 2277 1392 2320 colisoun
1429 2276 1609 2319 Thoma
1643 2275 1726 2330 fyff
1755 2273 1935 2316 Thoma
1975 2273 2029 2314 de

216 2365 395 2394 camera
430 2351 700 2394 Allexandro
738 2350 994 2406 blyndesele
1028 2348 1179 2392 Dauid
1212 2348 1479 2391 mathosone
1517 2346 1714 2390 Roberto
1745 2343 1934 2399 gillespy
1966 2342 2027 2384 Et

216 2421 417 2477 philippo
440 2422 657 2465 dumbrek
679 2421 884 2463 seriando
908 2426 951 2462 et
974 2419 1163 2463 diuersis
1186 2418 1286 2474 alijs
1309 2425 1378 2461 etc

331 2493 520 2534 Summa
554 2491 760 2534 Rentalis
789 2490 1037 2547 capellanie
1070 2496 1226 2533 sancte
1259 2488 1404 2532 crucis
1433 2488 1473 2529 le
1501 2487 1666 2529 brovne
1701 2482 1845 2527 eroice
1869 2486 2028 2524 vocate

214 2561 256 2616 vj
281 2562 341 2606 lib
363 2561 437 2617 xiij
455 2578 476 2605 s
498 2562 559 2617 iiij
578 2563 605 2605 d
668 2559 669 2562 ’

332 2702 446 2742 Item
480 2701 533 2743 de
559 2701 753 2755 quodam
786 2700 926 2742 crofto
957 2699 1172 2741 Iohannis
1201 2698 1442 2753 colysoune
1467 2701 1677 2738 vocatum
1715 2692 1755 2734 le
1789 2690 1878 2746 kyll
1915 2689 2027 2732 croft

212 2769 522 2811 descendendo
554 2784 579 2811 a
611 2769 651 2811 le
684 2769 774 2824 kyll
807 2783 948 2823 usque
987 2769 1042 2811 ad
1074 2767 1175 2810 loch
1209 2767 1319 2809 croft
1357 2765 1556 2808 eiusdem
1587 2762 1672 2817 vicj
1713 2762 1824 2803 duos
1861 2758 2027 2801 solidos

213 2839 328 2879 Item
356 2839 409 2880 de
432 2839 624 2893 quadam
651 2844 770 2881 terra
794 2840 976 2881 Iacente
998 2838 1042 2879 in
1066 2838 1106 2880 le
1128 2851 1263 2892 grene
1288 2836 1405 2878 inter
1426 2841 1593 2877 terram
1619 2832 1833 2874 heredum
1860 2827 2023 2883 robertj

213 2908 327 2952 Club
369 2923 421 2950 ex
462 2915 588 2963 parte
630 2908 786 2951 boriali
823 2923 876 2950 ex
912 2923 998 2950 vna
1040 2914 1083 2949 et
1125 2913 1272 2949 ortum
1315 2904 1492 2962 gilbertj
1537 2901 1764 2945 murisone
1805 2913 1858 2941 ex
1898 2903 2026 2952 parte
