2524 3418
785 291 960 335 Rentale
989 290 1173 332 obituum
1203 293 1240 330 et
1268 286 1670 330 Anniuersariorum
2057 298 2138 340 215

328 408 747 466 sarium'capellanj
777 407 1062 450 celebrabunt
1094 405 1139 446 in
1171 404 1256 446 hac
1288 403 1432 446 forma
1452 402 1658 445 videlicet
1679 415 1816 443 vnum
1842 401 2069 456 trigintale
2093 402 2137 444 in

327 484 442 526 festo
466 481 739 537 penticostes
760 484 803 521 et
825 477 958 519 Aliud
981 475 1026 518 in
1047 475 1161 517 festo
1195 473 1349 517 Sancti
1373 473 1551 528 martinj
1577 472 1690 514 infra
1711 471 1875 514 dictam
1902 471 2137 513 ecclesiam

330 565 407 606 pro
431 564 517 605 quo
543 548 833 591 Infeodantur
854 545 898 586 in
921 543 1065 587 decim
1089 558 1109 585 s
1131 550 1174 585 et
1197 549 1387 597 quatuor
1408 543 1434 584 d
1457 543 1510 584 de
1532 548 1650 583 terra
1681 541 1844 583 andree
1877 541 2071 582 branche
2093 541 2137 582 in

328 619 426 662 vico
461 617 644 661 nauium
677 622 719 658 et
757 615 801 656 in
835 613 1028 668 quinque
1066 612 1219 654 solidis
1253 613 1306 654 de
1338 612 1496 654 horreo
1529 612 1753 666 quondam
1792 609 1946 662 thome
1981 610 2139 653 culane

327 688 534 731 videlicet
558 686 846 729 celebrandas
867 683 986 737 xlviij
1013 681 1176 724 missas

444 826 607 871 Obitus
638 825 863 880 quondam
898 820 1114 865 Iohannis
1146 820 1319 876 gilespy
1340 819 1384 862 in
1415 819 1529 862 festo
1562 819 1717 862 Sancti
1747 817 1980 861 michaelis
2005 819 2136 861 Anno

328 896 496 941 domini
519 895 758 938 millesimo
781 891 1223 949 quadringentesimo
1247 890 1590 946 Septuagesimo
1622 891 1818 933 secundo
1851 889 1990 933 Cuius
2013 888 2137 932 anni-

329 966 576 1010 uersarium
606 962 826 1019 capellani
857 962 1144 1005 celebrabunt
1166 960 1372 1002 videlicet
1400 973 1538 1001 vnum
1567 958 1794 1013 trigintale
1816 958 2063 1000 Annuatim
2092 957 2136 999 in

329 1037 448 1079 dicto
470 1035 540 1078 die
563 1040 605 1076 et
628 1031 854 1076 ebdomita
881 1029 1084 1085 sequenti
1108 1030 1163 1071 ad
1186 1030 1325 1071 altare
1353 1027 1507 1070 Sancti
1536 1027 1777 1083 Sanguinis
1800 1034 1842 1069 et
1866 1027 1953 1070 alia
1979 1026 2138 1069 altaria

327 1105 503 1148 circiter
520 1103 606 1145 sita
630 1103 714 1144 Pro
732 1116 818 1156 quo
842 1100 1134 1142 Infeodantur
1151 1098 1195 1140 in
1214 1098 1357 1141 decim
1381 1097 1534 1140 solidis
1552 1099 1605 1140 de
1622 1104 1739 1141 terra
1757 1097 1897 1153 ipsius
1921 1096 2137 1140 Iohannis

328 1176 372 1218 in
393 1175 492 1218 vico
513 1174 737 1217 furcarum
760 1177 891 1227 prout
914 1171 1181 1225 respondere
1202 1169 1340 1212 velint

444 1313 605 1357 Obitus
642 1312 867 1367 quondam
904 1311 1080 1353 Andree
1118 1309 1236 1364 alanj
1271 1309 1316 1350 in
1349 1309 1462 1351 festo
1501 1307 1655 1351 Sancti
1692 1308 1973 1351 berthilomei
2005 1310 2135 1351 Anno

326 1384 495 1428 domini
536 1382 775 1425 millesimo
817 1379 1259 1436 quadringentesimo
1312 1378 1655 1434 Septuagesimo
1696 1392 1814 1420 nono
1855 1393 1933 1434 pro
1975 1378 2135 1433 quibus

325 1455 504 1497 Andrea
526 1460 569 1495 et
592 1451 776 1495 cristina
802 1450 1020 1506 capellanj
1046 1449 1279 1492 annuatim
1310 1449 1596 1491 celebrabunt
1620 1447 1664 1490 in
1687 1448 1887 1503 proxima
1912 1447 2136 1490 dominica

326 1531 427 1580 post
463 1524 627 1566 festum
662 1521 816 1564 Sancti
854 1520 1134 1564 berthilomei
1165 1534 1300 1561 vnam
1336 1519 1520 1561 missam
1553 1519 1606 1560 de
1643 1525 1749 1560 nota
1783 1532 1885 1561 cum
1918 1517 2135 1572 trigintali

327 1599 588 1649 sequentem
626 1606 704 1647 per
739 1590 1012 1634 ebdomitam
1051 1596 1094 1632 et
1132 1589 1342 1643 exequias
1379 1588 1689 1631 defunctorum
1727 1602 1829 1630 cum
1871 1588 2055 1642 placebo
2092 1593 2135 1629 et

327 1664 465 1719 dirige
487 1664 532 1705 in
551 1664 719 1706 Sabato
737 1661 992 1717 precedenti
1015 1675 1092 1716 pro
1111 1660 1270 1715 quibus
1288 1659 1549 1716 capellanus
1571 1665 1812 1714 perpetuus
1834 1658 1990 1701 altaris
2007 1659 2136 1701 beate

327 1734 466 1777 marie
483 1734 747 1789 magdalene
765 1731 998 1775 annuatim
1017 1730 1262 1787 capellanis
1280 1729 1538 1786 prescriptis
1555 1729 1778 1784 persoluet
1795 1729 1953 1784 viginti
1972 1729 2137 1772 solidos

327 1812 505 1848 monete
529 1803 668 1847 scotie
693 1802 960 1845 Immediate
982 1807 1083 1857 post
1107 1800 1458 1844 celebracionem
1482 1799 1738 1842 huiusmodi
1761 1799 2053 1854 anniuersarij

444 1946 605 1990 Obitus
638 1946 863 2001 quondam
896 1943 1116 1988 Willelmi
1151 1944 1287 1986 Retre
1320 1942 1364 1984 in
1397 1941 1621 1985 dominica
1653 1947 1753 1997 post
1785 1941 1949 1983 festum
1983 1940 2138 1983 Sancti

325 2018 523 2061 leonardi
555 2019 685 2059 Anno
717 2015 884 2070 dominj
920 2014 1160 2058 millesimo
1191 2012 1633 2069 quadringentesimo
1666 2011 1971 2066 octuagesimo
1999 2011 2139 2054 Cuius

325 2087 682 2132 anniuersarium
725 2086 1012 2129 celebrabunt
1055 2084 1289 2127 annuatim
1341 2083 1386 2125 in
1438 2084 1594 2125 eadem
1636 2081 1861 2125 dominica
1902 2082 1958 2124 ad
1999 2081 2140 2123 altare

327 2158 482 2202 Sancti
520 2156 752 2212 sanguinis
793 2171 895 2199 cum
938 2154 1134 2210 exequiis
1176 2154 1486 2198 defunctorum
1527 2154 1580 2196 de
1616 2152 1801 2208 placebo
1838 2158 1881 2194 et
1919 2151 2057 2207 dirige
2094 2152 2138 2193 in

327 2228 494 2271 Sabato
530 2225 784 2282 precedenti
823 2226 884 2268 Et
926 2239 1028 2267 curn
1071 2223 1209 2266 missa
1247 2225 1300 2266 de
1336 2229 1443 2265 nota
1480 2222 1524 2264 in
1561 2221 1786 2265 dominica
1823 2236 1875 2263 ac
1911 2220 2139 2275 trigentali

327 2304 587 2353 sequentem
622 2311 700 2353 per
727 2295 1001 2339 ebdomitam
1034 2309 1112 2350 pro
1143 2294 1436 2336 Infeodantur
1464 2292 1509 2334 in
1537 2292 1610 2347 xiij
1650 2307 1670 2334 s
1704 2299 1747 2334 et
1780 2291 1840 2346 iiij
1876 2292 1903 2333 d
1935 2292 1988 2333 de
2022 2296 2139 2333 terra

327 2367 468 2423 ipsius
493 2369 717 2422 quondam
741 2365 961 2410 Willelmi
984 2379 1119 2420 quam
1151 2364 1412 2408 Willelmus
1442 2362 1664 2406 Abirdour
1694 2368 1884 2417 occupat
1914 2367 1957 2403 et
1984 2360 2026 2415 vj
2052 2375 2073 2402 s
2096 2367 2139 2403 et

326 2437 401 2493 viij
426 2438 453 2480 d
475 2439 528 2480 de
549 2444 668 2480 terra
688 2437 843 2480 thome
866 2450 978 2491 oyge
999 2434 1045 2478 in
1066 2434 1164 2477 vico
1188 2433 1322 2477 castri

444 2575 605 2619 Obitus
637 2577 862 2631 quondam
901 2574 1120 2631 Stephani
1157 2575 1211 2617 de
1247 2573 1465 2630 balronny
1497 2605 1507 2616 .
1542 2605 1552 2615 .
1587 2605 1597 2615 .
1631 2572 1771 2617 Cuius
1802 2569 2137 2614 anniuersarius

327 2646 621 2688 celebrabitur
659 2646 892 2689 annuatim
929 2645 974 2687 in
1012 2644 1237 2687 dominica
1274 2650 1374 2700 post
1409 2643 1574 2686 festum
1612 2641 1867 2698 Epiphanie
1904 2642 1959 2683 ad
1995 2640 2136 2683 altare

328 2718 483 2761 Sancti
507 2717 714 2773 stephani
737 2733 839 2760 cum
862 2716 1060 2772 exequiis
1083 2717 1136 2758 de
1159 2715 1344 2771 placebo
1376 2720 1419 2756 et
1452 2713 1591 2769 dirige
1613 2713 1658 2755 in
1682 2713 1849 2755 Sabato
1872 2711 2135 2767 precedente

327 2794 370 2830 et
393 2802 495 2830 cum
519 2787 657 2830 missa
679 2789 732 2829 de
753 2793 861 2829 nota
882 2786 926 2829 in
950 2785 1173 2829 dominica
1207 2783 1409 2839 sequenti
1432 2798 1483 2826 ac
1505 2782 1722 2838 trigintali
1752 2795 1831 2836 per
1862 2779 2135 2823 ebdomitam

327 2858 387 2900 Et
418 2857 677 2912 capellanus
711 2857 866 2900 altaris
899 2856 1054 2900 Sancti
1089 2854 1307 2910 Stephani
1339 2855 1610 2909 respondent
1633 2867 1711 2910 pro
1732 2850 1890 2908 viginti
1920 2865 1940 2892 s
1969 2864 2136 2894 annua-

324 2928 406 2973 tim
433 2928 619 2987 collegio
644 2943 723 2986 pro
745 2927 1000 2972 huiusmodi
1028 2926 1217 2972 seruicio

2168 481 2224 514 fol.
2247 482 2286 513 85
2297 479 2308 500 ยน

2169 826 2291 859 Obitus
2311 828 2433 860 Iohan-

2167 871 2220 903 nis
2236 872 2371 913 gilespy

2167 1321 2290 1354 Obitus
2301 1322 2434 1355 Andree

2166 1366 2267 1408 Alanj
2285 1371 2318 1397 et
2335 1366 2414 1398 cris-

2165 1410 2236 1441 tine
2253 1410 2374 1441 cadiou

2168 1463 2227 1485 sue
2242 1453 2399 1495 coniugis

2170 1946 2292 1978 Obitus
2309 1947 2395 1978 Wil-

2169 1991 2261 2022 lelmi
2279 1992 2379 2022 Retre

2165 2580 2221 2613 fol.
2243 2583 2282 2613 85
2294 2579 2307 2600 ยฒ

2166 2669 2289 2701 Obitus

2166 2712 2331 2754 Stephani

2164 2756 2332 2797 balronny
