2524 3418
639 321 852 365 Fundatio
883 320 1092 379 hospitalis
1127 320 1276 365 Sancti
1308 321 1458 365 Thome
1488 322 1674 367 martiris
1986 338 2066 383 157

257 438 434 481 comitis
470 440 525 481 de
562 453 659 482 mar
694 438 834 494 patris
869 438 934 494 suj
976 438 1133 481 matris
1165 454 1244 482 sue
1275 439 1416 494 ipsius
1447 446 1490 482 et
1523 439 1724 482 omnium
1756 441 1953 484 fidelium
1995 444 2066 485 de-

255 510 510 552 functorum
547 511 600 552 de
638 509 797 564 quibus
829 509 983 552 habuit
1017 511 1070 552 de
1102 509 1230 552 bonis
1263 510 1355 552 suis
1387 510 1552 552 directe
1585 517 1627 552 et
1661 510 1873 553 indirecte
1906 519 1948 554 et
1981 513 2065 555 hoc

256 579 372 621 idem
405 579 536 621 faciet
569 579 820 633 quicunque
854 578 1112 633 capellanus
1145 585 1244 633 post
1277 580 1510 620 decessum
1544 578 1650 621 dicti
1680 579 1848 621 domini
1883 580 2066 622 Ioannis

256 648 504 703 predictum
547 648 769 702 hospitale
819 662 978 702 regens
1021 647 1195 690 Deinde
1237 648 1435 702 prefatus
1481 648 1696 703 magister
1736 648 1922 691 ioannes
1963 665 2065 692 cum

258 717 459 759 Ihoanne
492 718 654 772 kyntor
685 732 772 759 vno
804 717 1071 759 balliuorum
1095 717 1221 772 burgi
1254 718 1440 771 predicti
1472 725 1515 759 et
1548 718 1681 760 certis
1713 719 1904 761 testibus
1936 719 2066 763 infra—

257 787 435 842 scriptis
457 788 647 829 accessit
681 789 736 829 ad
769 787 999 828 dominum
1023 788 1287 841 deputatum
1311 803 1390 842 pro
1413 789 1585 842 capella
1609 795 1651 830 et
1675 789 1802 831 lectis
1834 789 1941 832 inibi
1965 805 2066 832 con-

257 857 482 899 struendis
529 857 799 912 Quiquidem
843 857 1035 899 balliuus
1077 859 1129 899 de
1171 871 1380 910 expresso
1427 859 1640 901 mandato
1683 859 1822 914 ipsius
1864 861 2067 916 magistri

258 927 440 968 Ioannis
458 927 628 980 prefato
646 926 826 968 domino
844 926 1034 968 Ihoanni
1051 933 1219 968 statum
1239 926 1436 968 sasinam
1455 934 1497 969 et
1513 929 1841 982 possessionem
1858 945 1936 985 per
1952 938 2066 974 terre

255 1002 298 1037 et
331 995 491 1050 lapidis
512 1002 558 1037 vt
592 995 728 1037 moris
751 1002 818 1037 est
850 995 1137 1037 traditionem
1170 996 1290 1037 dedit
1323 1003 1365 1038 et
1389 996 1638 1051 assignauit
1672 999 1846 1041 Deinde
1868 1001 2066 1054 prefatus

255 1065 448 1107 balliuus
480 1065 774 1119 personaliter
810 1064 1000 1107 accessit
1031 1066 1087 1107 ad
1121 1071 1380 1107 tenementa
1417 1067 1586 1109 henrici
1622 1069 1774 1111 valear
1802 1077 1845 1112 et
1883 1071 2067 1114 Ioannis

255 1134 534 1177 barklitsoun
567 1134 794 1176 antedicta
827 1140 869 1175 et
902 1134 1045 1175 eidem
1084 1134 1264 1176 domino
1301 1135 1491 1177 Iohanni
1524 1150 1774 1180 annuorum
1811 1139 2065 1182 reddituum

254 1200 559 1259 predictorum
585 1206 638 1246 de
671 1204 839 1246 eisdem
863 1205 1096 1247 annuatim
1130 1205 1422 1247 leuandorum
1446 1221 1524 1260 per
1554 1214 1668 1249 terre
1700 1216 1743 1251 et
1772 1209 1932 1264 lapidis
1963 1226 2065 1253 eum

253 1274 436 1316 denario
467 1274 755 1316 traditionem
788 1274 908 1316 dedit
941 1282 984 1317 et
1014 1275 1264 1330 assignauit
1298 1276 1423 1318 saluo
1449 1278 1552 1318 Iure
1585 1278 1821 1321 cuiuslibet
1855 1281 2066 1324 SUPER

253 1343 413 1398 quibus
434 1351 477 1386 et
496 1344 684 1399 singulis
705 1345 904 1399 prefatus
933 1345 1142 1388 dominus
1176 1346 1402 1388 Iohannes
1425 1362 1450 1389 a
1473 1362 1544 1389 me
1576 1348 1749 1391 notario
1772 1350 1950 1404 publico
1983 1351 2065 1394 sibi

252 1414 346 1456 fieri
378 1414 507 1469 petijt
538 1430 676 1457 vnum
709 1422 786 1458 aut
819 1416 946 1470 plura
980 1418 1338 1458 Instrumentum
1361 1417 1430 1458 vel
1463 1416 1764 1461 instrumenta
1795 1422 1908 1463 Acta
1940 1429 2065 1464 erant

252 1484 334 1526 hec
371 1484 416 1526 in
458 1486 590 1527 domo
625 1485 871 1540 capitulare
913 1486 1100 1528 ecclesie
1139 1487 1409 1541 parochialis
1451 1488 1675 1531 antedicte
1717 1496 1760 1531 et
1796 1492 2067 1534 tenementis

253 1553 493 1597 antedictis
515 1555 624 1597 hora
647 1555 774 1610 quasi
807 1570 984 1598 nouena
1006 1562 1110 1598 ante
1133 1556 1364 1598 meridiem
1397 1572 1515 1600 anno
1537 1558 1606 1600 die
1629 1573 1783 1602 mense
1816 1560 2066 1604 Indictione

253 1630 296 1666 et
334 1624 599 1679 pontificatu
637 1625 796 1680 quibus
829 1640 962 1680 supra
999 1626 1281 1680 presentibus
1318 1627 1482 1669 ibidem
1522 1628 1724 1671 Iohanne
1760 1629 1847 1684 fyfe
1888 1631 2066 1674 Andrea

253 1694 428 1736 cullane
466 1695 647 1737 matheo
683 1695 835 1751 fyehat
868 1697 1100 1739 Willelmo
1137 1698 1350 1739 Wocatte
1387 1699 1682 1752 burgensibus
1720 1701 1888 1742 Ioanne
1921 1703 2066 1744 Waus

254 1765 423 1807 Ioanne
459 1765 654 1808 tullideff
685 1766 933 1821 sergiandis
972 1768 1141 1809 Ioanne
1182 1768 1376 1822 gudlade
1409 1768 1649 1811 alexandro
1689 1777 1820 1813 vocat
1861 1771 2066 1815 Iohanne

253 1836 445 1878 modane
460 1836 722 1879 christofero
740 1837 932 1880 holande
950 1837 1197 1880 lauerentio
1214 1839 1396 1881 stuerok
1412 1839 1658 1894 capellanis
1673 1854 1774 1883 cum
1793 1841 1948 1883 multis
1965 1842 2067 1898 alijs

425 1942 486 1983 Et
509 1956 590 1997 ego
612 1942 792 1985 thomas
815 1944 868 1986 de
890 1943 971 1986 leis
1000 1945 1230 2000 presbyter
1258 1945 1567 1988 abirdonensis
1599 1945 1829 1989 dioceseos
1860 1947 2066 2002 publicus

424 2012 691 2055 auctoritate
716 2013 943 2068 Imperiali
966 2014 1167 2056 notarius
1189 2015 1421 2069 premissis
1443 2015 1652 2058 omnibus
1673 2022 1716 2058 et
1750 2016 1937 2071 singulis
1959 2018 2065 2059 dum

424 2082 497 2143 sic³
508 2090 555 2125 vt
577 2084 852 2138 premittitur
873 2092 1112 2140 agerentur
1142 2085 1397 2128 dicerentur
1423 2092 1466 2128 et
1495 2086 1652 2129 fierent
1674 2101 1761 2129 vna
1784 2102 1886 2129 cum
1909 2102 2066 2142 preno-

423 2145 607 2195 minatis
637 2153 829 2196 testibus
862 2155 1046 2209 Interfuj
1084 2156 1298 2210 Idemque
1321 2155 1406 2197 hoc
1427 2170 1612 2210 presens
1643 2155 1872 2210 publicum
1904 2155 2066 2198 instru-

423 2230 626 2266 mentum
659 2239 795 2267 manu
827 2225 974 2268 aliena
1002 2226 1192 2268 fideliter
1223 2225 1439 2281 scriptum
1473 2241 1544 2268 me
1577 2226 1710 2268 certis
1743 2226 1842 2269 aliis
1874 2227 2066 2282 negotiis

423 2301 642 2349 occupato
676 2296 891 2351 signoque
923 2303 966 2338 et
998 2296 1179 2339 nomine
1217 2297 1329 2339 meis
1366 2297 1510 2340 solitis
1545 2304 1588 2339 et
1625 2297 1853 2340 consuetis
1889 2297 2065 2353 signaui

422 2371 606 2418 rogatus
627 2364 672 2406 in
695 2366 828 2408 fidem
852 2373 894 2408 et
917 2366 1228 2409 testimonium
1250 2374 1438 2410 vocatus
1459 2367 1660 2410 omnium
1683 2368 2002 2423 premissorum

317 2041 360 2315 uqumfiosgqs)

427 2463 526 2504 Hec
558 2469 625 2505 est
654 2479 758 2507 vera
791 2472 834 2507 et
869 2465 1129 2508 Indubitata
1162 2465 1289 2520 copia
1321 2465 1582 2521 principalis
1615 2466 1910 2509 Instrumenti
1932 2468 2066 2509 dona-

423 2532 560 2575 tionis
602 2535 905 2578 concessionis
949 2543 992 2578 et
1036 2536 1356 2591 assignationis
1397 2536 1588 2579 fideliter
1629 2537 1796 2592 scripta
1838 2539 1891 2579 de
1932 2538 2065 2580 verbo

427 2601 472 2644 in
505 2605 689 2646 verbum
726 2612 769 2648 et
807 2606 1104 2648 collacionata
1137 2621 1215 2660 per
1246 2621 1317 2648 me
1350 2607 1616 2662 magistrum
1647 2607 1873 2650 Thomam
1909 2622 2068 2662 zowng

427 2673 664 2715 Notarium
697 2675 925 2729 publicum
958 2675 1020 2717 nil
1053 2677 1257 2718 addendo
1290 2683 1367 2719 aut
1400 2677 1689 2720 diminuendo
1722 2679 1838 2733 quod
1870 2678 1932 2720 rei
1965 2679 2065 2721 sub-

426 2742 641 2785 stantiam
664 2751 807 2786 mutet
830 2752 907 2787 aut
942 2746 1228 2788 Intellectum
1251 2746 1391 2788 variet
1422 2748 1499 2789 sed
1521 2747 1757 2802 principali
1780 2747 1824 2789 in
1857 2747 2065 2790 omnibus

425 2815 702 2856 concordans
724 2821 839 2857 teste
863 2816 946 2858 hac
971 2831 1070 2858 mea
1093 2816 1419 2870 subscriptione
1443 2817 1641 2859 manuali
1665 2824 1707 2859 et
1732 2817 1869 2872 Signo
1887 2816 1932 2858 in
1951 2818 2065 2860 Con-

426 2883 648 2926 similibus
670 2886 898 2928 consuetis
920 2893 963 2928 et
985 2886 1164 2940 vsitsatis

691 2956 762 2998 Ita
785 2962 851 2998 est
874 2956 1077 2998 Thomas
1090 2971 1248 3011 zowng
1271 2956 1485 2999 Notarius
1507 2956 1712 3011 publicus
1731 2957 1870 2999 Manu
1887 2955 2066 3011 propria

319 2555 361 2828 uandmfiosgqo
