2524 3418
783 304 1007 347 Commune
1039 304 1211 346 Rentale
1243 303 1561 359 capellanorum
1592 305 1747 347 ecclesie
2082 321 2161 363 193

476 422 592 464 Item
615 434 693 475 pro
714 419 946 462 Willelmo
970 420 1217 462 adamsoun
1247 425 1289 461 et
1317 434 1450 462 vxore
1480 421 1533 462 de
1565 426 1682 464 terra
1715 422 1938 475 quondam
1968 421 2159 465 richardi

358 491 505 534 kintor
527 503 645 532 nunc
667 487 830 531 roberti
854 487 1018 530 moises
1040 502 1173 542 quam
1197 487 1291 543 ipse
1314 487 1534 531 inhabitat
2018 505 2072 532 xx
2096 506 2116 533 3
2135 491 2158 516 '⁸‘

473 561 661 602 Summa
684 556 816 600 huius
838 572 894 600 xx
917 572 937 599 3

475 630 590 670 Item
623 641 701 682 pro
734 633 986 681 margareta
1008 626 1152 669 blabir
1181 641 1313 668 vxore
1347 628 1572 681 quondam
1607 627 1790 670 Ioannis
1821 628 1925 671 blak
1956 630 2009 671 de
2041 635 2158 672 terra

355 699 580 754 quondam
604 697 767 739 andree
798 695 966 750 henricj
1001 709 1118 738 nunc
1151 695 1365 738 heredum
1398 697 1559 739 andree
1591 697 1751 740 burnat
1774 711 1908 753 prope
1937 698 2158 740 darnattis

353 767 529 824 gawille
1901 766 1975 822 xiij
2001 781 2022 809 3
2043 767 2104 822 iiij
2130 769 2156 810 d

470 837 658 878 Summa
680 833 813 876 huius
835 832 909 887 xiij
935 847 955 874 3
977 831 1038 886 iiij
1063 834 1090 875 d

469 907 584 947 Item
607 919 685 959 pro
709 903 889 946 domino
912 903 1078 945 andrea
1101 903 1267 958 henricj
1294 905 1347 946 de
1369 906 1525 946 eadem
1548 911 1666 948 terra
1899 906 1973 961 xiij
1999 921 2019 948 s
2041 906 2102 962 iiij
2128 909 2154 950 d

468 976 655 1018 Summa
678 973 811 1016 huius
832 972 907 1027 xiij
933 987 953 1014 3
975 972 1036 1027 iiij
1061 974 1088 1016 d

466 1047 581 1088 Item
604 1059 683 1099 pro
704 1042 937 1087 Willelmo
968 1043 1118 1085 futhes
1149 1058 1229 1098 pro
1261 1043 1400 1086 missa
1432 1046 1485 1087 de
1517 1045 1710 1100 quinque
1741 1046 1999 1089 vulneribus
2030 1047 2152 1090 omni

346 1115 455 1159 feria
477 1116 673 1158 secunda
695 1115 748 1157 de
769 1119 888 1156 terra
917 1114 1143 1168 quondam
1166 1114 1385 1169 Willelmj
1410 1114 1643 1159 nicolsoun
1675 1116 1720 1158 in
1747 1116 1845 1159 vico
1874 1116 2008 1172 castrj
2032 1131 2151 1159 nunc

346 1187 559 1230 heredum
581 1184 676 1228 eius
698 1198 751 1227 ex
772 1182 961 1227 borreali
983 1189 1110 1238 parte
1132 1183 1332 1226 eiusdem
1353 1184 1438 1240 vicj
2007 1201 2063 1228 xx
2086 1201 2106 1229 3
2124 1188 2150 1231 †

459 1262 503 1299 et
525 1257 579 1298 de
600 1261 717 1297 terra
739 1254 965 1308 quondam
998 1253 1201 1308 magistri
1234 1254 1461 1297 alexandri
1492 1254 1632 1298 bissat
1664 1269 1783 1298 nunc
1815 1256 2147 1311 capellanorum

343 1325 466 1369 chori
488 1324 686 1368 assidata
708 1338 786 1379 per
807 1323 1064 1379 capellanos
1089 1324 1279 1379 Iohannj
1306 1324 1523 1368 collisoun
1548 1325 1715 1381 Iuniorj
1945 1326 1986 1381 vj
2012 1342 2032 1368 3
2054 1327 2094 1381 vj
2120 1328 2147 1369 d

457 1394 703 1450 capellanis
725 1393 846 1437 chori
870 1400 913 1436 et
937 1394 1170 1449 capellano
1193 1395 1338 1438 sancti
1361 1395 1478 1451 eligij
1963 1412 1991 1439 v
2013 1412 2032 1438 3
2053 1397 2095 1438 vi
2119 1399 2145 1440 d

456 1464 501 1506 in
523 1470 619 1506 toto
642 1465 695 1506 de
716 1470 834 1506 terra
856 1463 933 1506 illa
2040 1467 2097 1522 xij
2125 1482 2144 1508 3

456 1534 645 1576 Summa
666 1531 794 1575 nobis
815 1546 872 1575 xx
894 1546 915 1574 3
935 1531 977 1587 vj
1002 1547 1022 1574 3
1043 1532 1084 1587 vj
1110 1533 1137 1575 d

457 1604 573 1646 Item
596 1617 674 1657 pro
699 1603 868 1645 Ioanne
889 1603 1123 1646 torreletht
1153 1604 1206 1646 de
1227 1609 1345 1647 terra
1378 1605 1602 1659 quondam
1635 1604 1840 1648 mariorie
1863 1606 1999 1647 monk
2020 1612 2145 1649 extra

337 1678 512 1728 portam
535 1672 758 1715 borealem
779 1671 865 1714 vici
888 1671 1023 1714 castri
1848 1675 1921 1730 xiij
1947 1690 1967 1716 3
1989 1674 2050 1730 iiij
2075 1677 2101 1718 d
2123 1679 2144 1728 ‡

453 1747 496 1783 et
512 1742 565 1783 de
581 1747 699 1783 terra
714 1740 930 1784 Iohannis
948 1741 1155 1785 saddelar
1169 1743 1286 1798 apud
1300 1749 1482 1798 pontem
1497 1742 1581 1799 vicj
1601 1743 1819 1787 inferioris
1833 1744 2019 1788 ecclesie
2036 1746 2077 1787 xi
2089 1745 2142 1801 s§

454 1811 642 1854 Summa
663 1810 798 1854 huius
818 1811 937 1866 xxiiij
963 1826 984 1854 s
1007 1811 1068 1867 iiij
1093 1813 1120 1854 d

455 1882 570 1925 Item
593 1895 672 1936 pro
694 1881 865 1936 philipo
887 1882 1088 1924 dunbrek
1109 1888 1152 1925 et
1175 1882 1365 1926 elizabet
1388 1884 1551 1926 dacker
1579 1885 1632 1926 de
1661 1890 1779 1927 terra
1808 1883 1914 1927 olim
1943 1885 2139 1941 laurencj

335 1952 489 1995 thome
521 1966 639 1994 nunc
673 1951 858 1994 simonis
890 1952 1080 1995 flescher
1110 1967 1188 2008 per
1218 1968 1300 1996 nos
1331 1954 1589 2010 capellanos
1621 1954 1703 1998 sibi
1737 1954 1935 1997 assidata
1967 1955 2011 1997 in
2043 1955 2141 1998 vico

334 2021 529 2065 inferiori
551 2021 739 2064 ecclesie
762 2035 815 2064 ex
837 2022 1026 2065 australi
1048 2028 1174 2078 parte
1197 2022 1398 2066 eiusdem
1417 2023 1503 2079 vicj
2070 2039 2097 2067 x
2120 2040 2140 2067 3

449 2092 637 2135 Summa
660 2091 793 2134 huius
814 2106 842 2134 x
864 2106 884 2134 s

448 2162 564 2204 Item
587 2175 666 2216 pro
688 2161 891 2217 lindesay
912 2162 1064 2205 harrat
1087 2163 1140 2205 de
1172 2168 1289 2206 terra
1312 2165 1537 2218 quondam
1570 2163 1704 2207 dauid
1730 2164 1854 2220 finny
1875 2179 2010 2221 quarn
2031 2181 2139 2208 vxor

331 2231 427 2275 eius
448 2231 670 2274 inhabitat
693 2232 738 2274 in
760 2232 858 2276 vico
881 2234 1014 2288 castrj
2046 2238 2090 2293 iij
2116 2253 2136 2280 3

447 2302 635 2344 Summa
657 2301 791 2344 huius
814 2302 858 2356 iij
885 2318 905 2344 3

445 2371 561 2413 Item
599 2385 677 2426 pro
713 2372 869 2414 thoma
906 2372 1108 2428 midding
1143 2374 1196 2415 de
1232 2379 1350 2416 terra
1392 2373 1498 2416 olim
1536 2373 1677 2429 ipsius
1712 2375 1866 2418 thome
1900 2390 2018 2419 nunc
2053 2378 2134 2419 ade

328 2440 509 2484 bobstar
529 2456 607 2496 per
628 2456 709 2484 nos
732 2442 931 2486 assidata
953 2443 998 2485 in
1019 2443 1118 2486 vico
1140 2444 1170 2486 li
1193 2443 1410 2499 scuylhile
1986 2446 2043 2501 xij
2070 2461 2090 2489 3
2113 2448 2127 2500 Η

444 2513 631 2555 Summa
653 2513 785 2556 huius
807 2514 864 2569 xij
890 2529 911 2556 3

445 2582 560 2624 Item
593 2582 772 2625 domino
796 2583 1028 2626 Willelmo
1060 2583 1348 2640 elphinstoun
1380 2590 1551 2627 rectore
1583 2586 1637 2628 de
1670 2585 1758 2628 clat
1791 2586 1844 2628 de
1876 2591 1993 2628 terra
2025 2586 2130 2629 olim

327 2650 489 2693 andree
512 2651 635 2693 atkin
658 2666 776 2696 nunc
799 2653 1003 2709 magistri
1026 2655 1179 2697 thome
1197 2655 1422 2698 chawmer
1439 2655 1521 2698 sibi
1543 2670 1621 2711 per
1642 2670 1724 2698 nos
1746 2655 1945 2698 assidata
1966 2656 2011 2698 in
2033 2656 2131 2699 vico

326 2719 511 2762 nauium
1978 2741 2035 2768 xx
2056 2742 2078 2769 s
2095 2729 2131 2776 Ἦ

497 2825 515 2841 *
532 2826 676 2868 Walterj
695 2827 846 2860 lowsone
1440 2838 1453 2870 ξ
1475 2831 1649 2864 Heredum
1667 2832 1783 2865 thome
1799 2832 1954 2865 nicolson

497 2882 513 2919 †
534 2881 676 2913 Dauidis
693 2893 764 2914 mar
782 2883 928 2916 Iunioris
1436 2889 1451 2928 Η
1473 2887 1536 2919 Stil

498 2936 512 2978 ἶ
532 2935 689 2969 Edwardi
705 2937 895 2972 donaldson
908 2945 941 2972 et
954 2935 1189 2984 macoli'nj1ca1
1429 2944 1456 2977 {I
1472 2943 1646 2975 Heredum
1663 2942 1798 2985 gilberti
1814 2943 1906 2984 cryle

1197 2999 1256 3029 BB

2189 633 2246 665 fol.
2265 634 2323 668 77¹
