2524 3418
803 318 1015 360 Fundano
1046 319 1188 373 Jacoby·
1220 319 1408 362 Colisone
1935 338 2014 381 127

206 438 328 480 Adeo
351 436 485 478 libere
507 433 704 489 plenarie
737 432 978 475 honorifice
1002 434 1112 475 bene
1135 440 1179 475 et
1201 433 1245 475 in
1269 448 1378 488 pace
1401 435 1445 476 in
1469 436 1676 479 omnibus
1699 444 1742 480 et
1765 453 1842 493 per
1864 441 2014 483 omnia

207 506 322 548 sicut
354 504 489 560 aliquj
525 503 662 546 annui
693 503 892 545 redditus
923 502 1035 544 infra
1067 503 1236 544 dictum
1269 505 1458 558 burgum
1491 520 1569 548 seu
1603 513 1728 550 extra
1762 510 2016 553 venduntur

206 577 370 618 dantur
401 572 686 629 possidentur
719 577 795 614 aut
834 570 1086 614 alienantur
1123 571 1217 614 sine
1253 574 1544 616 reuocacione
1581 575 1906 621 reclamacione
1938 586 2014 621 aut

207 642 559 687 contradictione
596 640 777 696 aliquali
816 639 902 682 mei
940 640 1153 683 heredum
1191 641 1522 696 assignatorum
1565 659 1765 688 meorum
1808 662 2014 702 quorum-

208 728 382 769 cunque
420 714 504 755 Pro
537 712 697 766 quibus
733 710 910 765 quidem
949 710 1110 753 annuis
1146 711 1391 755 redditibus
1425 714 1531 756 dicti
1567 716 1762 759 Curatus
1794 724 1836 760 et
1870 720 2014 774 capel-

207 783 297 826 lani
331 789 374 825 et
410 796 562 824 eorum
596 795 877 823 successores
913 780 1146 822 annuatim
1182 781 1518 836 Imperpetuum
1555 785 1842 830 celebrabunt
1876 803 2012 831 vnum

207 851 562 896 anniuersarium
584 849 789 892 videlicet
817 849 1026 903 exequias
1052 849 1361 892 defunctorum
1389 851 1502 895 idest
1526 853 1710 908 placebo
1732 862 1775 898 et
1798 857 1947 912 derige
1969 859 2014 900 in

207 922 351 978 prima
371 920 523 976 vigilia
548 919 736 974 proximi
768 918 868 961 festi
901 918 1018 961 diem
1051 920 1277 974 sepulture
1307 936 1403 963 mee
1432 921 1690 967 immediate
1719 934 1932 980 sequente
1962 943 2014 970 ac

207 992 392 1034 missam
415 992 468 1033 de
490 996 597 1032 nota
619 988 664 1031 in
686 990 842 1031 eodem
866 988 1005 1031 sacris
1035 1003 1136 1031 cum
1168 989 1318 1032 missis
1344 991 1586 1046 trigintalis
1611 1000 1659 1036 ut
1683 996 1819 1038 moris
1848 1003 1915 1039 est
1938 1012 2016 1052 per

205 1061 500 1105 ebdomadam
533 1064 792 1114 sequentem
825 1073 903 1113 pro
936 1058 1080 1101 salute
1113 1059 1363 1102 animarum
1396 1062 1696 1116 predictarum
1726 1065 2015 1122 omniumque

206 1131 402 1174 fidelium
435 1130 744 1173 defunctorum
774 1134 816 1171 et
847 1143 925 1184 pro
958 1128 1069 1170 meis
1101 1128 1430 1174 intencionibus
1457 1132 1794 1189 quibuscunque
1828 1137 2017 1192 Insuper

206 1201 416 1244 collector
437 1200 657 1243 dictorum
680 1198 1014 1254 capellanorum
1042 1198 1115 1254 qui
1142 1214 1220 1254 pro
1251 1205 1452 1255 tempore
1482 1202 1613 1245 fuerit
1645 1219 1881 1258 preconem
1915 1222 2016 1250 cum

206 1285 426 1326 campana
456 1269 653 1313 manuali
683 1269 865 1324 opidum
895 1269 1128 1312 circumire
1156 1270 1301 1313 faceat
1331 1271 1375 1313 in
1404 1272 1524 1316 dicta
1548 1273 1700 1329 vigilia
1731 1277 2016 1331 exequiarum

207 1348 255 1384 ut
277 1341 493 1384 inuitetur
513 1340 705 1396 populus
728 1341 783 1383 ad
806 1341 1136 1395 deprecandum
1159 1355 1237 1395 pro
1261 1341 1406 1384 salute
1439 1342 1691 1386 animarum
1715 1345 2017 1400 predictarum

207 1412 407 1456 tabulam
431 1425 564 1467 super
585 1410 914 1453 monimentum
938 1425 1088 1453 meum
1106 1418 1240 1466 ponet
1259 1413 1376 1467 quod
1395 1413 1530 1468 pallio
1549 1429 1627 1457 seu
1646 1414 1733 1457 alio
1755 1424 2018 1460 ornamento

207 1482 396 1525 honesto
438 1481 660 1537 cooperiet
702 1480 941 1524 luminaria
978 1480 1095 1524 ceria
1128 1480 1326 1524 inueniet
1361 1483 1552 1538 Insuper
1583 1484 1818 1528 sacristam
1851 1488 2019 1541 prefate

207 1552 394 1596 ecclesie
436 1566 681 1608 campanas
721 1551 840 1594 trina
881 1551 978 1594 vice
1015 1552 1070 1594 ad
1107 1552 1364 1595 huiusmodi
1398 1554 1609 1609 exequias
1642 1561 1685 1598 et
1719 1555 1924 1600 similiter
1964 1560 2019 1602 ad

208 1623 394 1666 missam
417 1622 536 1665 dicto
557 1623 671 1665 festo
693 1627 925 1665 cantatum
954 1622 1132 1677 pulsare
1163 1623 1296 1666 faciet
1319 1629 1368 1666 ut
1391 1624 1435 1666 in
1459 1625 1680 1669 similibus
1702 1627 2020 1672 anniuersariis

209 1695 458 1747 Ceteraque
491 1692 700 1747 suffragia
733 1692 777 1734 in
810 1692 1030 1735 similibus
1053 1692 1373 1749 anniuersarijs
1394 1695 1560 1739 vsitata
1593 1702 1635 1739 et
1664 1704 1878 1742 consueta
1903 1714 2020 1742 com-

209 1763 319 1818 pleri
354 1763 486 1806 faciet
519 1769 562 1805 et
599 1763 680 1805 hec
714 1763 864 1806 omnia
896 1763 1225 1818 imperpetuum
1259 1764 1448 1820 singulis
1480 1766 1610 1808 annis
1640 1767 1801 1810 futuris
1833 1783 1858 1811 a
1891 1769 2022 1812 dictis

211 1834 458 1889 capellanis
490 1834 726 1877 collectore
759 1841 801 1876 et
834 1849 986 1877 eorum
1021 1834 1354 1879 successoribus
1391 1835 1692 1880 insellabiliter
1729 1839 2022 1883 obseruentur

213 1910 262 1946 ut
285 1918 435 1946 coram
459 1918 635 1946 summo
660 1903 812 1946 Iudice
830 1904 1097 1958 respondere
1114 1903 1252 1946 velint
1275 1910 1452 1947 tantum
1476 1920 1554 1961 pro
1577 1906 1698 1949 omni
1722 1907 1809 1950 alio
1833 1909 2021 1952 seruicio

213 1974 402 2017 seculari
440 1974 671 2017 exactione
708 1989 786 2016 seu
828 1975 1050 2017 demanda
1092 1989 1177 2029 que
1218 1976 1272 2018 de
1313 1975 1524 2031 predictis
1572 1976 1734 2020 annuis
1775 1979 2022 2022 redditibus

211 2044 466 2099 aliqualiter
488 2044 602 2099 exigi
625 2044 788 2100 poterit
811 2051 887 2087 aut
910 2043 1073 2099 requiri
1107 2045 1167 2087 Et
1201 2059 1282 2100 ego
1313 2060 1417 2088 vero
1450 2045 1596 2089 dictus
1621 2047 1812 2090 Iacobus
1835 2048 2021 2092 heredes

210 2114 297 2156 mei
329 2121 372 2157 et
405 2114 623 2169 assignati
656 2129 813 2157 omnes
845 2121 888 2157 et
922 2114 1122 2169 singulos
1154 2129 1328 2158 annuos
1360 2116 1561 2159 redditus
1594 2117 1865 2172 prescriptos
1888 2118 2019 2162 dictis

210 2190 364 2226 curato
386 2184 632 2239 capellanis
655 2191 698 2227 et
721 2184 814 2227 suis
837 2184 1170 2228 successoribus
1192 2191 1348 2228 contra
1365 2201 1522 2228 omnes
1540 2187 1754 2229 mortales
1771 2202 1849 2242 per
1865 2203 2021 2231 omnes

210 2260 352 2297 terras
373 2261 416 2297 et
439 2254 746 2309 possessiones
768 2261 946 2297 nostras
967 2255 1348 2299 varantizabimus
1370 2256 1726 2312 acquietabimus
1744 2263 1786 2299 et
1805 2256 2020 2313 imperpe-

211 2329 338 2366 tuum
373 2325 662 2368 defendemus
694 2325 902 2368 omnibus
932 2325 1086 2369 fraude
1113 2332 1155 2368 et
1182 2326 1283 2369 dolo
1316 2327 1503 2370 seclusis
1537 2329 1590 2370 In
1623 2327 1749 2370 cuius
1783 2328 1866 2370 Rei
1898 2329 2020 2371 testi-

212 2393 411 2435 monium
443 2394 639 2449 sigillum
672 2410 822 2438 meum
854 2410 1047 2438 vnacum
1081 2395 1227 2451 sigillo
1259 2397 1534 2440 honorabilis
1565 2397 1646 2440 viri
1684 2397 1858 2453 patricij
1897 2398 2020 2441 leslei

212 2462 398 2505 senioris
413 2464 543 2507 vnius
564 2465 832 2509 balliuorum
856 2468 909 2509 de
932 2466 1141 2509 abirdene
1159 2482 1210 2509 ac
1234 2467 1402 2510 datoris
1425 2467 1589 2511 saisine
1611 2468 1893 2524 presentibus
1916 2476 2019 2512 sunt

213 2547 411 2587 appensa
456 2537 574 2590 apud
610 2537 800 2579 eundem
853 2536 1026 2579 decimo
1072 2543 1230 2592 quarto
1271 2537 1341 2580 die
1383 2538 1551 2580 mensis
1602 2538 1849 2582 decembris
1889 2540 2019 2581 Anno

213 2601 381 2644 domini
423 2603 659 2648 millesimo
711 2606 1070 2661 quingentesimo
1112 2607 1285 2650 decimo
1329 2622 1446 2650 nono
1482 2607 1695 2651 Testibus
1736 2607 1933 2663 prouidis
1974 2614 2017 2650 et

213 2671 414 2714 honestis
449 2674 555 2716 viris
595 2675 788 2717 dominis
829 2676 963 2719 dauid
995 2678 1141 2720 Waus
1182 2676 1316 2720 dauid
1367 2677 1449 2720 leis
1500 2677 1745 2733 capellanis
1785 2677 2016 2721 Willelmo

213 2740 486 2796 scrimgeour
516 2743 650 2787 dauid
680 2744 849 2788 heroun
882 2751 925 2788 et
957 2759 1206 2789 normanno
1239 2745 1362 2789 leslie
1394 2746 1652 2802 sergeandis
1682 2748 1796 2791 Cum
1829 2746 2017 2790 diuersis

213 2808 313 2852 aliis
334 2816 404 2853 etc

389 2951 487 2994 Hec
511 2958 576 2995 est
599 2967 701 2997 vera
723 2960 767 2996 et
789 2953 1041 2999 indubitata
1070 2955 1197 3011 copia
1227 2955 1522 2998 collacionata
1554 2955 1648 2998 siue
1673 2955 2016 3011 transscriptum

2045 936 2102 968 fol.
2117 938 2155 968 51
2168 935 2181 955 ²
