2524 3418
785 301 971 343 Donatio
1002 300 1058 343 ad
1087 299 1315 342 Iohannem
1345 299 1531 342 neilsoun
1981 314 2060 355 139

599 415 808 459 dominus
829 416 1069 459 alexander
1089 417 1282 458 robsoun
1305 429 1442 458 manu
1464 413 1642 470 propria

601 486 810 530 dominus
832 487 1012 530 thomas
1033 486 1156 542 rynie
1180 501 1317 529 manu
1341 485 1519 541 propria

601 557 808 601 dominus
832 557 1058 601 Iohannes
1079 572 1204 600 waus
1232 563 1347 599 teste
1378 571 1514 599 manu
1546 554 1725 611 propria
1756 554 1977 610 presentis

773 627 983 670 fundator

431 744 530 785 Hec
560 748 627 785 est
649 756 753 785 vera
780 741 921 797 Copia
948 742 1081 785 Carte
1113 740 1373 796 principalis
1405 739 1551 782 reuisa
1583 745 1626 781 et
1659 739 1854 794 perlecta
1886 753 1963 793 per
1994 753 2065 780 me

430 811 696 867 magistrum
721 810 870 853 Dauid
893 809 1154 852 nicholsone
1177 809 1401 852 notarium
1420 808 1647 864 publicum
1666 814 1709 850 et
1732 807 1923 851 scribam
1947 807 2066 850 curie

429 881 738 925 abirdonensis
761 880 990 923 dioceseos
1016 880 1169 923 nichill
1193 881 1396 923 addendo
1422 893 1503 922 nec
1526 880 1798 922 remouendo
1821 879 1937 933 quod
1958 877 2065 920 facti

429 949 736 993 substanciam
759 948 969 992 immutet
993 955 1060 991 set
1083 949 1361 991 concordans
1379 963 1481 991 cum
1501 963 1581 991 suo
1604 947 1839 1003 principali
1862 948 1916 991 de
1932 948 2067 991 verbo

428 1020 473 1063 in
495 1021 679 1064 verbum
701 1025 817 1062 teste
839 1019 924 1062 hac
947 1033 1047 1061 mea
1071 1018 1396 1073 subscriptione
1419 1018 1617 1072 manualj

604 1092 676 1133 Ita
697 1096 765 1132 est
787 1088 921 1132 dauid
944 1089 1206 1132 nicholsone
1228 1088 1430 1132 notarius
1452 1088 1656 1144 publicus
1679 1102 1815 1131 manu
1838 1088 2014 1144 propria

322 1057 356 1188 equsos
313 765 357 1039 tunqd‘esfiosgqo

1051 1368 1239 1410 LXXV.

365 1464 615 1508 MNIBUS
646 1462 763 1506 hanc
790 1463 974 1506 Cartam
1002 1460 1166 1504 visuris
1194 1461 1263 1504 vel
1293 1459 1512 1504 audituris
1539 1461 1734 1503 Curatus
1760 1465 1803 1502 et
1834 1461 2065 1517 Capellanj

420 1534 544 1578 chori
575 1533 763 1577 ecclesie
797 1531 1088 1589 perrochialis
1122 1531 1211 1587 diuj
1248 1530 1426 1586 nicolaij
1462 1531 1515 1573 de
1548 1530 1756 1573 abirdene
1789 1537 1991 1574 eternam
2024 1531 2068 1574 in

253 1606 435 1651 domino
470 1605 662 1649 salutem
696 1602 926 1647 Noueritis
958 1617 1040 1646 nos
1073 1604 1188 1646 Cum
1222 1601 1408 1645 consilio
1442 1600 1724 1644 auisamento
1765 1606 1808 1643 et
1847 1615 2068 1644 consensu

254 1674 530 1719 honorabilis
550 1673 632 1716 viri
656 1672 873 1715 Iohannis
900 1673 1000 1715 Mar
1026 1671 1131 1715 olim
1158 1671 1372 1727 prepositi
1395 1671 1447 1714 de
1471 1670 1680 1714 abirdene
1702 1669 1893 1713 vtilitate
1916 1678 2069 1715 nostra

255 1746 300 1789 in
322 1747 408 1789 hac
430 1751 557 1801 parte
578 1743 772 1799 Vndique
789 1742 967 1799 preuisa
985 1749 1027 1786 et
1046 1742 1282 1798 diligenter
1299 1741 1582 1785 considerata
1599 1740 1774 1784 dedisse
1792 1741 2068 1784 concessisse

254 1824 298 1861 et
331 1818 387 1861 ad
408 1816 706 1860 feudifirmam
739 1814 986 1858 dimississe
1019 1820 1063 1857 et
1095 1813 1180 1857 hac
1208 1819 1415 1869 presente
1445 1818 1569 1856 carta
1595 1818 1748 1855 nostra
1778 1812 2068 1855 confirmasse

254 1888 444 1931 honesto
465 1886 559 1930 viro
593 1885 783 1941 Iohannj
809 1884 1013 1928 neilsoun
1046 1883 1190 1928 incole
1219 1883 1326 1928 dicti
1359 1883 1486 1939 burgi
1515 1882 1657 1926 Totas
1680 1889 1723 1925 et
1745 1881 1944 1938 integras
1966 1881 2068 1925 illas

254 1964 445 2013 quatuor
480 1956 726 2013 particatas
757 1962 976 1999 terrarum
1009 1961 1264 1998 nostrarum
1303 1953 1446 1997 Nobis
1482 1968 1560 2009 per
1591 1954 1783 1996 eundem
1818 1952 2067 1996 Iohannem

253 2042 351 2071 mar
372 2027 418 2070 in
440 2041 599 2083 puram
622 2032 665 2070 et
691 2032 953 2082 perpetuam
983 2025 1276 2069 elemosinam
1307 2038 1622 2069 concessarum
1647 2025 1855 2067 Iacentes
1876 2022 1922 2065 in
1943 2022 2068 2066 terri-

251 2098 368 2142 torio
401 2098 655 2143 Croftorum
687 2098 741 2141 de
772 2097 916 2153 futtey
945 2111 1082 2140 vnam
1113 2095 1321 2140 videlicet
1352 2095 1468 2138 inter
1497 2101 1664 2137 terram
1697 2093 1944 2148 capellanie
1976 2092 2066 2148 diuj

253 2170 418 2214 andree
434 2168 548 2212 infra
564 2168 732 2212 dictam
751 2168 988 2212 ecclesiam
1004 2168 1189 2211 fundate
1207 2182 1260 2211 ex
1277 2165 1463 2211 australi
1485 2180 1538 2209 ex
1554 2180 1642 2209 vna
1663 2171 1830 2208 terram
1850 2163 2067 2207 Iohannis

253 2240 439 2284 arthour
475 2254 529 2282 ex
564 2238 732 2283 boreali
768 2238 972 2294 partibus
1012 2239 1068 2282 ab
1110 2237 1251 2281 altera
1291 2236 1479 2280 Terram
1522 2236 1687 2279 andree
1724 2234 1874 2277 cullan
1910 2247 2067 2276 versus

253 2309 401 2353 oriens
422 2315 466 2353 et
501 2309 671 2352 fluxum
706 2308 842 2352 maris
873 2323 1028 2352 versus
1060 2307 1270 2351 occidens
1301 2308 1414 2350 duas
1445 2305 1546 2349 illas
1577 2304 1824 2361 particatas
1846 2309 2067 2345 terrarum

254 2387 509 2424 nostrarum
533 2381 740 2423 Iacentes
762 2379 879 2422 inter
900 2386 1066 2423 terram
1096 2378 1203 2422 dicti
1231 2376 1450 2421 Iohannis
1471 2376 1658 2420 arthour
1678 2389 1836 2417 versus
1859 2380 2067 2417 austrum

253 2450 440 2494 Terram
462 2450 640 2506 gilberti
664 2449 864 2493 Menzeis
885 2464 1041 2493 versus
1063 2450 1243 2493 boream
1261 2447 1451 2490 Terram
1468 2446 1647 2491 Walter
1664 2445 1892 2487 hovesoun
1914 2457 2070 2486 versus

254 2520 402 2564 oriens
424 2526 468 2563 et
490 2519 746 2563 huiusmodi
771 2519 912 2563 Maris
933 2520 1103 2562 fluxum
1125 2533 1282 2562 versus
1304 2517 1513 2561 occidens
1536 2517 1597 2558 Et
1622 2513 1839 2558 Similiter
1862 2519 2068 2568 quartam

253 2591 378 2634 illam
401 2590 669 2646 particatam
687 2590 909 2634 dictarum
927 2597 1148 2634 terrarum
1173 2591 1404 2632 Iacentem
1427 2587 1544 2630 inter
1559 2592 1725 2629 terram
1748 2582 1940 2638 richardj
1962 2597 2068 2638 cryn

254 2675 309 2703 ex
330 2660 516 2715 australj
541 2675 595 2702 ex
615 2675 704 2703 vna
725 2666 891 2703 terram
924 2659 1081 2703 altaris
1114 2666 1269 2702 sancte
1302 2657 1447 2701 crucis
1478 2656 1592 2699 infra
1615 2655 1803 2698 eandem
1831 2652 2068 2696 ecclesiam

254 2746 308 2774 ex
340 2730 506 2774 boreali
538 2730 740 2785 partibus
777 2732 832 2773 ab
866 2731 1006 2774 altera
1040 2731 1266 2786 quondam
1303 2728 1539 2783 antiquum
1577 2727 1878 2782 aqueductum
1914 2737 2070 2766 versus

253 2800 401 2844 oriens
436 2807 479 2843 et
517 2800 686 2842 fluxum
724 2800 862 2843 maris
903 2800 1153 2856 predictum
1195 2814 1350 2842 versus
1387 2798 1597 2841 occidens
1637 2794 1985 2838 TENENDAS
2027 2798 2070 2835 et

253 2871 484 2915 habendas
527 2876 648 2912 totas
689 2877 733 2912 et
777 2872 984 2925 Integras
1036 2871 1180 2912 dictas
1226 2876 1372 2912 terras
1419 2882 1522 2911 cum
1571 2863 1859 2922 pertinenciis
1900 2862 2070 2918 prefato

246 2941 445 2996 ilohannj
488 2939 725 2984 heredibus
762 2940 855 2984 suis
891 2948 934 2985 et
979 2941 1071 2984 suis
1108 2939 1351 2994 assignatis
1388 2940 1441 2981 de
1478 2936 1607 2980 nobis
1648 2942 1692 2979 et
1734 2932 2070 2977 successoribus

2099 1475 2156 1508 fol.
2173 1472 2237 1507 562
