2524 3418
829 286 957 330 Carta
987 286 1118 328 dauid
1148 286 1371 340 Symsoune
1947 296 2001 338 79

1014 496 1184 538 XLIV.

321 608 569 650 MNIBUS
613 606 728 648 hanc
773 606 955 648 Castam
1007 602 1168 644 visuris
1208 602 1277 643 vel
1323 599 1540 643 audituris
1589 597 1739 641 Dauid
1794 612 2006 653 symsoun
2039 609 2142 639 Carta
2158 606 2258 638 dauid

380 674 613 730 burgensis
635 675 688 716 de
721 673 929 716 abirdene
954 673 1170 714 Eternam
1204 670 1248 712 in
1282 669 1464 712 domino
1494 668 1685 711 salutern
1710 668 1824 710 Cum
1852 681 2007 708 omnes
2041 652 2230 691 Symsoune

199 744 418 789 stabimus
459 751 562 787 ante
598 743 792 786 tribunal
834 741 1002 785 domini
1043 740 1183 783 nostri
1217 740 1344 781 ihesu
1386 738 1541 781 christi
1579 737 1672 780 siue
1710 739 1874 780 bonum
1913 736 2007 779 siue

199 817 367 859 malurn
389 815 519 858 fuerit
545 813 764 869 recepturi
793 820 923 868 prout
946 812 990 854 in
1013 819 1213 866 tempore
1245 810 1467 865 gessimus
1495 809 1638 864 Igitur
1669 808 1786 851 diem
1820 807 2004 861 extremj

197 886 345 941 iudicij
385 885 591 940 operibus
628 882 928 926 misericordie
970 882 1208 937 expediens
1244 888 1311 923 est
1347 880 1577 935 preuenire
1612 886 1659 921 vt
1701 877 1923 921 seminata
1963 877 2007 919 in

198 955 326 998 terris
363 953 600 1009 multiplici
631 954 777 995 fructu
810 951 1016 1006 colligere
1048 951 1279 993 valeamus
1316 949 1360 991 in
1395 949 1501 991 celis
1530 950 1659 990 Vnde
1691 946 1906 989 noueritis
1938 961 2009 988 me

196 1025 241 1066 in
275 1030 567 1079 augmentum
600 1022 738 1077 diuinj
773 1022 921 1064 cultus
958 1027 1000 1063 et
1033 1021 1247 1063 honorem
1282 1019 1367 1061 Dei
1399 1018 1720 1074 omnipotentis
1752 1016 2009 1060 beatissime

197 1094 381 1149 virginis
404 1093 541 1137 marie
565 1093 721 1136 matris
744 1107 821 1135 sue
849 1091 1005 1135 Sancti
1027 1091 1223 1145 leonardj
1250 1105 1301 1133 ac
1324 1089 1523 1132 omnium
1548 1096 1804 1132 sanctorum
1838 1088 2012 1130 dedisse

198 1164 474 1207 concessisse
504 1163 760 1219 assignasse
783 1169 826 1205 et
848 1162 933 1205 hac
956 1161 1151 1217 presenti
1175 1167 1299 1203 carta
1329 1175 1429 1202 mea
1458 1160 1746 1202 confirmasse
1769 1161 1850 1201 deo
1873 1158 2012 1201 omni-

198 1233 370 1288 potenti
387 1233 707 1289 gloriosissime
720 1231 878 1288 virginj
897 1231 1034 1274 marie
1057 1230 1264 1273 omnibus
1279 1229 1448 1272 sanctis
1469 1236 1512 1271 et
1535 1228 1664 1271 altari
1680 1228 1798 1271 beati
1813 1227 2008 1282 leonardj

199 1304 312 1346 infra
353 1303 590 1346 ecclesiam
634 1302 789 1346 Sancti
833 1301 1023 1356 Nicolaij
1069 1303 1123 1343 de
1164 1300 1347 1343 abirden
1389 1299 1556 1342 situato
1587 1305 1631 1340 et
1663 1297 1843 1340 domino
1877 1297 2010 1340 dauid

199 1374 386 1417 Walcar
407 1373 639 1428 capellano
662 1387 762 1415 meo
785 1378 1000 1427 perpetuo
1024 1371 1196 1414 Ibidem
1226 1369 1468 1412 celebranti
1491 1383 1543 1410 ac
1566 1367 1658 1410 suis
1681 1367 2012 1409 successoribus

199 1443 488 1486 celebraturis
510 1457 588 1498 pro
612 1442 762 1485 anima
785 1456 885 1483 mea
907 1447 950 1483 et
973 1440 1209 1483 animabus
1231 1445 1467 1494 parentum
1491 1451 1799 1479 successorum
1823 1443 1865 1477 et
1883 1437 2011 1478 bene-

197 1514 417 1556 factorum
440 1528 641 1556 meorum
660 1519 703 1555 et
721 1511 922 1555 omnium
945 1511 1142 1554 fidelium
1161 1510 1471 1552 defunctorum
1494 1507 1816 1563 presertimque
1833 1506 2009 1548 illorum
2042 1519 2177 1551 thomas
2196 1521 2274 1552 Cul-

198 1598 224 1626 a
265 1583 426 1638 quibus
467 1583 617 1638 aliqua
654 1584 771 1626 bona
812 1581 960 1624 minus
1001 1581 1117 1623 iuste
1157 1579 1291 1634 habuj
1332 1593 1488 1622 omnes
1524 1584 1567 1620 et
1601 1577 1802 1632 singulos
1838 1590 2011 1618 annuos
2044 1563 2134 1594 lanis
2153 1564 2234 1594 land
2255 1566 2289 1595 IS

2041 1617 2118 1638 now
2137 1608 2190 1637 Mr
2273 1627 2285 1633 -

199 1653 400 1696 redditus
431 1669 556 1695 meos
589 1652 865 1708 subscriptos
900 1651 1106 1694 videlicet
1140 1665 1277 1693 vnum
1312 1664 1511 1692 annuum
1545 1648 1768 1690 redditum
1807 1648 2010 1689 Duarum
2042 1650 2111 1681 rick
2129 1608 2270 1682 SkenPizSu

203 1724 457 1765 Marcarum
478 1723 646 1766 vsualis
674 1728 852 1765 monete
875 1720 1013 1763 scotie
1037 1720 1270 1763 annuatim
1297 1720 1539 1761 leuandum
1566 1719 1619 1760 de
1648 1724 1744 1760 tota
1770 1723 1812 1758 et
1839 1716 2012 1771 integra
2043 1694 2109 1768 5ξὲ
2122 1694 2306 1778 ῗῑὲῖῗῖῃή

199 1799 313 1835 terre
337 1794 562 1848 quondam
584 1794 738 1836 thome
761 1793 905 1836 Culan
931 1793 1112 1834 Iacente
1134 1791 1178 1833 in
1202 1791 1241 1833 le
1263 1797 1458 1846 gastraw
1476 1791 1598 1832 Inter
1615 1795 1779 1831 terram
1797 1787 2010 1829 heredum
2044 1781 2082 1811 11¹
2100 1787 2212 1821 partes

199 1864 424 1919 quondam
457 1864 649 1919 duncanj
685 1863 774 1906 clat
806 1877 859 1905 ex
891 1860 1046 1906 boriali
1078 1876 1131 1904 ex
1161 1875 1249 1903 vna
1277 1868 1320 1903 et
1349 1867 1514 1902 terram
1547 1859 1772 1914 quondam
1797 1856 2012 1899 Iohannis
2041 1846 2286 1923 ῗέῐξὲοέξοψ

199 1932 362 1976 roberti
385 1947 438 1975 ex
460 1932 646 1975 australi
668 1932 869 1987 partibus
891 1946 944 1974 ex
965 1931 1106 1974 altera
1128 1937 1170 1973 et
1194 1943 1479 1973 communem
1501 1927 1669 1983 regiam
1691 1941 1846 1969 versus
1868 1925 2014 1968 oriens
2043 1933 2190 1965 Andrew

201 2008 331 2058 prout
361 2017 408 2045 se
437 2002 635 2046 extendit
663 2004 718 2045 ad
745 2003 1046 2057 aqueductum
1080 2001 1320 2056 molendinj
1351 1999 1590 2055 superioris
1620 2012 1775 2040 versus
1805 1996 2014 2039 occidens
2043 1977 2293 2053 ¹1}ssssssssssstde

200 2087 338 2116 vnum
361 2087 561 2116 annuum
593 2072 816 2116 redditum
838 2071 997 2127 viginti
1029 2071 1271 2114 solidorum
1301 2069 1534 2114 annuatim
1563 2069 1805 2111 leuandum
1832 2068 1886 2109 de
1916 2072 2013 2108 tota
2042 2064 2194 2106 depends
2209 2065 2243 2096 in

199 2142 461 2198 integraque
488 2143 623 2186 dauid
653 2142 843 2186 tailzour
873 2143 1055 2185 Iacente
1077 2141 1122 2183 in
1143 2140 1241 2184 vico
1262 2139 1466 2183 inferiore
1497 2137 1684 2182 ecclesie
1705 2137 1822 2179 inter
1847 2143 2012 2178 terram
2042 2113 2155 2150 partes

201 2213 395 2257 Walteri
416 2213 689 2269 auchneywe
711 2228 764 2255 ex
785 2211 1051 2256 occidentali
1081 2218 1124 2254 et
1155 2218 1320 2254 terram
1348 2211 1503 2253 thome
1528 2210 1763 2265 gladstane
1785 2221 1838 2249 ex
1859 2205 2014 2250 boriali
2042 2213 2176 2247 f01.321

203 2296 254 2325 ac
277 2296 541 2326 communes
561 2283 658 2326 vias
679 2283 825 2338 regias
846 2297 1001 2325 versus
1030 2282 1177 2325 oriens
1199 2288 1242 2324 et
1265 2287 1467 2324 austrum
1489 2294 1627 2322 vnum
1650 2278 1788 2321 alium
1814 2291 2013 2320 annuum

201 2351 424 2394 redditum
445 2351 674 2395 trisdecim
697 2352 939 2395 solidorum
958 2359 1001 2394 et
1020 2358 1211 2407 quatuor
1227 2350 1509 2394 denariorum
1527 2355 1763 2392 exeuntem
1782 2346 2014 2390 annuatim

203 2420 257 2462 de
289 2421 482 2475 quadarn
515 2428 633 2464 terra
654 2422 830 2465 Andree
862 2421 1043 2464 ranison
1072 2421 1246 2464 iacente
1278 2420 1392 2463 infra
1423 2419 1593 2462 dictum
1621 2420 1810 2472 burgum
1843 2416 1887 2458 in
1919 2414 2016 2457 vico

202 2490 426 2533 furcarum
458 2490 575 2534 inter
605 2498 748 2535 terras
780 2492 949 2535 mathei
983 2506 1131 2534 masse
1163 2497 1206 2534 et
1229 2490 1511 2534 Willelmum
1545 2490 1709 2532 andree
1734 2502 1787 2529 ex
1813 2484 2017 2528 orientali

204 2566 457 2616 terramque
499 2564 724 2616 quondam
762 2562 990 2606 alexandri
1032 2563 1120 2618 hay
1160 2577 1213 2604 ex
1254 2561 1439 2604 australi
1486 2575 1537 2603 ac
1585 2561 1697 2602 duas
1737 2557 1833 2600 vias
1874 2555 2019 2610 regias

203 2646 359 2674 versus
392 2631 600 2675 occidens
634 2639 677 2676 et
712 2633 881 2676 boriam
919 2647 1056 2675 vnum
1094 2646 1294 2674 annuum
1330 2630 1553 2673 redditum
1589 2643 1666 2671 sex
1699 2627 1942 2669 solidorum
1975 2630 2017 2665 et

203 2707 304 2743 octo
337 2701 619 2744 denariorum
642 2702 883 2746 leuandum
907 2704 960 2745 de
983 2703 1176 2758 quadam
1199 2708 1316 2743 terra
1338 2700 1445 2742 olim
1467 2698 1630 2742 roberti
1653 2698 1754 2740 club
1776 2696 1950 2738 iacente
1972 2692 2016 2733 in

202 2771 300 2814 vico
322 2772 450 2814 viridi
482 2772 598 2815 inter
629 2780 794 2817 terram
827 2774 981 2816 thome
1014 2773 1162 2815 litstar
1187 2787 1239 2814 ex
1262 2771 1418 2814 boriali
1450 2785 1503 2812 ex
1534 2784 1621 2812 vna
1653 2775 1696 2810 et
1730 2778 2014 2808 communem

202 2841 321 2884 viam
358 2842 527 2898 regiam
565 2858 618 2885 ex
653 2843 839 2886 australi
876 2844 1078 2899 partibus
1115 2857 1168 2885 ex
1204 2843 1346 2884 altera
1383 2848 1426 2883 et
1464 2842 1575 2882 duos
1611 2843 1832 2880 torrentes
1862 2847 2017 2876 versus

202 2912 349 2955 oriens
371 2920 413 2955 et
437 2913 645 2956 occidens
676 2929 813 2957 vnum
847 2929 1048 2958 annuum
1071 2913 1294 2956 redditum
1316 2911 1474 2967 viginti
1507 2911 1750 2953 solidorum
1784 2904 2017 2949 annuatim
