<?xml version="1.0" encoding="UTF-8"?>
<!DOCTYPE html PUBLIC "-//W3C//DTD XHTML 1.0 Transitional//EN"
    "http://www.w3.org/TR/xhtml1/DTD/xhtml1-transitional.dtd">
<html xmlns="http://www.w3.org/1999/xhtml" xml:lang="en" lang="en">
 <head>
  <title>
</title>
<meta http-equiv="Content-Type" content="text/html;charset=utf-8" />
  <meta name='ocr-system' content='tesseract 3.04.00' />
  <meta name='ocr-capabilities' content='ocr_page ocr_carea ocr_par ocr_line ocrx_word'/>
</head>
<body>
  <div class='ocr_page' id='page_1' title='image "./cartulariumeccle01sainuoft_0224.png"; bbox 0 0 2524 3418; ppageno 0'>
   <div class='ocr_carea' id='block_1_1' title="bbox 501 310 1882 368">
    <p class='ocr_par' dir='ltr' id='par_1_1' title="bbox 501 310 1882 368">
     <span class='ocr_line' id='line_1_1' title="bbox 501 310 1882 368; baseline -0.001 -13"><span class='ocrx_word' id='word_1_1' title='bbox 501 327 579 368; x_wconf 86' lang='lat'><strong>192</strong></span> <span class='ocrx_word' id='word_1_2' title='bbox 918 311 1142 355; x_wconf 81' lang='lat' dir='ltr'><em>Commune</em></span> <span class='ocrx_word' id='word_1_3' title='bbox 1174 310 1346 352; x_wconf 80' lang='lat' dir='ltr'><strong>Rentale</strong></span> <span class='ocrx_word' id='word_1_4' title='bbox 1378 310 1697 366; x_wconf 82' lang='lat' dir='ltr'><strong>Capellanorum</strong></span> <span class='ocrx_word' id='word_1_5' title='bbox 1727 311 1882 354; x_wconf 81' lang='lat' dir='ltr'><em>ecclesie</em></span> 
     </span>
    </p>
   </div>
   <div class='ocr_carea' id='block_1_2' title="bbox 612 426 2292 550">
    <p class='ocr_par' dir='ltr' id='par_1_2' title="bbox 612 426 2292 550">
     <span class='ocr_line' id='line_1_2' title="bbox 612 426 1074 471; baseline -0.009 0"><span class='ocrx_word' id='word_1_6' title='bbox 612 429 799 471; x_wconf 88' lang='lat' dir='ltr'><strong>Summa</strong></span> <span class='ocrx_word' id='word_1_7' title='bbox 822 426 954 468; x_wconf 88' lang='lat' dir='ltr'><strong>huius</strong></span> <span class='ocrx_word' id='word_1_8' title='bbox 976 440 1030 467; x_wconf 77' lang='lat' dir='ltr'><strong>xx</strong></span> <span class='ocrx_word' id='word_1_9' title='bbox 1053 440 1074 467; x_wconf 90' lang='grc'>8</span> 
     </span>
     <span class='ocr_line' id='line_1_3' title="bbox 613 492 2292 550; baseline -0.001 -11"><span class='ocrx_word' id='word_1_10' title='bbox 613 498 726 539; x_wconf 85' lang='lat' dir='ltr'>Item</span> <span class='ocrx_word' id='word_1_11' title='bbox 766 510 842 550; x_wconf 87' lang='lat' dir='ltr'><strong>pro</strong></span> <span class='ocrx_word' id='word_1_12' title='bbox 879 494 1109 536; x_wconf 62' lang='lat' dir='ltr'><strong>XVillelmo</strong></span> <span class='ocrx_word' id='word_1_13' title='bbox 1146 492 1323 547; x_wconf 90' lang='lat' dir='ltr'><strong>cantely</strong></span> <span class='ocrx_word' id='word_1_14' title='bbox 1359 493 1412 534; x_wconf 92' lang='lat' dir='ltr'><strong>de</strong></span> <span class='ocrx_word' id='word_1_15' title='bbox 1449 498 1566 534; x_wconf 89' lang='lat' dir='ltr'><strong>terra</strong></span> <span class='ocrx_word' id='word_1_16' title='bbox 1602 492 1707 534; x_wconf 91' lang='lat' dir='ltr'><strong>olim</strong></span> <span class='ocrx_word' id='word_1_17' title='bbox 1744 492 1885 547; x_wconf 86' lang='lat' dir='ltr'><strong>ipsius</strong></span> <span class='ocrx_word' id='word_1_18' title='bbox 1920 493 2137 548; x_wconf 89' lang='lat' dir='ltr'><strong>Willelmj</strong></span> <span class='ocrx_word' id='word_1_19' title='bbox 2174 508 2292 537; x_wconf 90' lang='lat' dir='ltr'><strong>nunc</strong></span> 
     </span>
    </p>
   </div>
   <div class='ocr_carea' id='block_1_3' title="bbox 495 561 2294 893">
    <p class='ocr_par' dir='ltr' id='par_1_3' title="bbox 495 561 2294 893">
     <span class='ocr_line' id='line_1_4' title="bbox 495 561 2294 618; baseline -0.002 -10"><span class='ocrx_word' id='word_1_20' title='bbox 495 565 720 608; x_wconf 77' lang='lat' dir='ltr'>alexandri</span> <span class='ocrx_word' id='word_1_21' title='bbox 745 563 919 605; x_wconf 84' lang='lat' dir='ltr'><strong>tulideff</strong></span> <span class='ocrx_word' id='word_1_22' title='bbox 935 563 977 603; x_wconf 91' lang='lat' dir='ltr'><strong>in</strong></span> <span class='ocrx_word' id='word_1_23' title='bbox 1000 562 1098 604; x_wconf 83' lang='lat' dir='ltr'><strong>vico</strong></span> <span class='ocrx_word' id='word_1_24' title='bbox 1120 561 1342 603; x_wconf 84' lang='lat' dir='ltr'><strong>furcarum</strong></span> <span class='ocrx_word' id='word_1_25' title='bbox 1367 575 1419 603; x_wconf 87' lang='lat' dir='ltr'><strong>ex</strong></span> <span class='ocrx_word' id='word_1_26' title='bbox 1441 561 1643 603; x_wconf 85' lang='lat' dir='ltr'>orientali</span> <span class='ocrx_word' id='word_1_27' title='bbox 1668 567 1792 616; x_wconf 86' lang='lat' dir='ltr'><strong>parte</strong></span> <span class='ocrx_word' id='word_1_28' title='bbox 1814 561 2011 603; x_wconf 85' lang='lat' dir='ltr'><strong>eiusdem</strong></span> <span class='ocrx_word' id='word_1_29' title='bbox 2034 561 2118 616; x_wconf 87' lang='lat' dir='ltr'><strong>vicj</strong></span> <span class='ocrx_word' id='word_1_30' title='bbox 2191 563 2248 618; x_wconf 88' lang='lat' dir='ltr'><strong>xij</strong></span> <span class='ocrx_word' id='word_1_31' title='bbox 2274 577 2294 605; x_wconf 99' lang='grc'>8</span> 
     </span>
     <span class='ocr_line' id='line_1_5' title="bbox 611 631 2120 687; baseline -0.002 -11"><span class='ocrx_word' id='word_1_32' title='bbox 611 636 725 676; x_wconf 86' lang='lat' dir='ltr'><strong>Item</strong></span> <span class='ocrx_word' id='word_1_33' title='bbox 748 646 825 687; x_wconf 89' lang='lat' dir='ltr'><strong>pro</strong></span> <span class='ocrx_word' id='word_1_34' title='bbox 848 633 1002 674; x_wconf 89' lang='lat' dir='ltr'><strong>eodem</strong></span> <span class='ocrx_word' id='word_1_35' title='bbox 1027 632 1079 672; x_wconf 92' lang='lat' dir='ltr'><strong>de</strong></span> <span class='ocrx_word' id='word_1_36' title='bbox 1101 637 1218 672; x_wconf 89' lang='lat' dir='ltr'><strong>terra</strong></span> <span class='ocrx_word' id='word_1_37' title='bbox 1241 636 1394 672; x_wconf 89' lang='lat' dir='ltr'><strong>nostra</strong></span> <span class='ocrx_word' id='word_1_38' title='bbox 1416 644 1532 672; x_wconf 89' lang='lat' dir='ltr'><strong>noua</strong></span> <span class='ocrx_word' id='word_1_39' title='bbox 1555 644 1607 672; x_wconf 84' lang='lat' dir='ltr'><strong>ex</strong></span> <span class='ocrx_word' id='word_1_40' title='bbox 1630 645 1839 685; x_wconf 89' lang='lat' dir='ltr'><strong>premeua</strong></span> <span class='ocrx_word' id='word_1_41' title='bbox 1860 631 2120 673; x_wconf 83' lang='lat' dir='ltr'><strong>fundatione</strong></span> 
     </span>
     <span class='ocr_line' id='line_1_6' title="bbox 2039 698 2294 755; baseline 0.012 -15"><span class='ocrx_word' id='word_1_42' title='bbox 2039 698 2112 754; x_wconf 85' lang='lat' dir='ltr'><strong>xiij</strong></span> <span class='ocrx_word' id='word_1_43' title='bbox 2138 713 2159 741; x_wconf 92' lang='grc'>8</span> <span class='ocrx_word' id='word_1_44' title='bbox 2181 698 2242 755; x_wconf 89' lang='lat' dir='ltr'><strong>iiij</strong></span> <span class='ocrx_word' id='word_1_45' title='bbox 2267 701 2294 743; x_wconf 91' lang='lat' dir='ltr'><strong>d</strong></span> 
     </span>
     <span class='ocr_line' id='line_1_7' title="bbox 610 766 1236 821; baseline -0.006 -9"><span class='ocrx_word' id='word_1_46' title='bbox 610 771 795 812; x_wconf 90' lang='lat' dir='ltr'><strong>Summa</strong></span> <span class='ocrx_word' id='word_1_47' title='bbox 819 768 952 810; x_wconf 86' lang='lat' dir='ltr'><strong>huius</strong></span> <span class='ocrx_word' id='word_1_48' title='bbox 974 782 1058 809; x_wconf 78' lang='lat' dir='ltr'><strong>xxv</strong></span> <span class='ocrx_word' id='word_1_49' title='bbox 1081 782 1101 809; x_wconf 92' lang='lat' dir='ltr'><strong>s</strong></span> <span class='ocrx_word' id='word_1_50' title='bbox 1123 766 1183 821; x_wconf 87' lang='lat' dir='ltr'><strong>iiij</strong></span> <span class='ocrx_word' id='word_1_51' title='bbox 1209 768 1236 809; x_wconf 93' lang='lat' dir='ltr'><strong>d</strong></span> 
     </span>
     <span class='ocr_line' id='line_1_8' title="bbox 610 837 2294 893; baseline -0.001 -12"><span class='ocrx_word' id='word_1_52' title='bbox 610 841 724 881; x_wconf 89' lang='lat' dir='ltr'>Item</span> <span class='ocrx_word' id='word_1_53' title='bbox 748 853 825 893; x_wconf 93' lang='lat' dir='ltr'><strong>pro</strong></span> <span class='ocrx_word' id='word_1_54' title='bbox 850 839 1017 880; x_wconf 89' lang='lat' dir='ltr'>Ioanne</span> <span class='ocrx_word' id='word_1_55' title='bbox 1040 837 1202 879; x_wconf 88' lang='lat' dir='ltr'><strong>knollis</strong></span> <span class='ocrx_word' id='word_1_56' title='bbox 1224 843 1266 878; x_wconf 91' lang='lat' dir='ltr'><strong>et</strong></span> <span class='ocrx_word' id='word_1_57' title='bbox 1289 851 1420 878; x_wconf 86' lang='lat' dir='ltr'><strong>vxore</strong></span> <span class='ocrx_word' id='word_1_58' title='bbox 1438 837 1490 879; x_wconf 92' lang='lat' dir='ltr'><strong>de</strong></span> <span class='ocrx_word' id='word_1_59' title='bbox 1507 843 1624 879; x_wconf 89' lang='lat' dir='ltr'><strong>terra</strong></span> <span class='ocrx_word' id='word_1_60' title='bbox 1643 838 1866 891; x_wconf 88' lang='lat' dir='ltr'><strong>quondam</strong></span> <span class='ocrx_word' id='word_1_61' title='bbox 1890 837 2081 891; x_wconf 89' lang='lat' dir='ltr'><strong>duncanj</strong></span> <span class='ocrx_word' id='word_1_62' title='bbox 2106 837 2294 880; x_wconf 87' lang='lat' dir='ltr'><strong>tailzour</strong></span> 
     </span>
    </p>
   </div>
   <div class='ocr_carea' id='block_1_4' title="bbox 490 904 2293 1097">
    <p class='ocr_par' dir='ltr' id='par_1_4' title="bbox 490 904 2293 1097">
     <span class='ocr_line' id='line_1_9' title="bbox 493 904 2291 960; baseline -0.001 -11"><span class='ocrx_word' id='word_1_63' title='bbox 493 922 609 949; x_wconf 91' lang='lat' dir='ltr'><strong>nunc</strong></span> <span class='ocrx_word' id='word_1_64' title='bbox 636 906 819 948; x_wconf 87' lang='lat' dir='ltr'><strong>Ioannis</strong></span> <span class='ocrx_word' id='word_1_65' title='bbox 842 905 1010 948; x_wconf 91' lang='lat' dir='ltr'>arthuri</span> <span class='ocrx_word' id='word_1_66' title='bbox 1035 905 1078 946; x_wconf 94' lang='lat' dir='ltr'><strong>in</strong></span> <span class='ocrx_word' id='word_1_67' title='bbox 1101 904 1199 946; x_wconf 93' lang='lat' dir='ltr'><strong>vico</strong></span> <span class='ocrx_word' id='word_1_68' title='bbox 1220 904 1443 946; x_wconf 86' lang='lat' dir='ltr'><strong>furcarum</strong></span> <span class='ocrx_word' id='word_1_69' title='bbox 2028 905 2097 960; x_wconf 87' lang='lat' dir='ltr'><strong>xvj</strong></span> <span class='ocrx_word' id='word_1_70' title='bbox 2123 920 2144 947; x_wconf 90' lang='grc'>8</span> <span class='ocrx_word' id='word_1_71' title='bbox 2164 905 2239 960; x_wconf 92' lang='lat' dir='ltr'><strong>viij</strong></span> <span class='ocrx_word' id='word_1_72' title='bbox 2264 907 2291 948; x_wconf 92' lang='lat' dir='ltr'><strong>d</strong></span> 
     </span>
     <span class='ocr_line' id='line_1_10' title="bbox 609 972 2292 1029; baseline -0.001 -12"><span class='ocrx_word' id='word_1_73' title='bbox 609 977 724 1017; x_wconf 90' lang='lat' dir='ltr'><strong>Item</strong></span> <span class='ocrx_word' id='word_1_74' title='bbox 755 989 833 1029; x_wconf 90' lang='lat' dir='ltr'><strong>pro</strong></span> <span class='ocrx_word' id='word_1_75' title='bbox 859 975 1013 1016; x_wconf 85' lang='lat' dir='ltr'><strong>eodem</strong></span> <span class='ocrx_word' id='word_1_76' title='bbox 1041 975 1094 1015; x_wconf 91' lang='lat' dir='ltr'><strong>de</strong></span> <span class='ocrx_word' id='word_1_77' title='bbox 1126 979 1245 1015; x_wconf 89' lang='lat' dir='ltr'><strong>terra</strong></span> <span class='ocrx_word' id='word_1_78' title='bbox 1277 973 1502 1027; x_wconf 88' lang='lat' dir='ltr'><strong>quondam</strong></span> <span class='ocrx_word' id='word_1_79' title='bbox 1537 972 1720 1014; x_wconf 90' lang='lat' dir='ltr'><strong>Ioannis</strong></span> <span class='ocrx_word' id='word_1_80' title='bbox 1754 972 1949 1014; x_wconf 89' lang='lat' dir='ltr'><strong>loudoris</strong></span> <span class='ocrx_word' id='word_1_81' title='bbox 1980 986 2098 1015; x_wconf 92' lang='lat' dir='ltr'><strong>nunc</strong></span> <span class='ocrx_word' id='word_1_82' title='bbox 2130 974 2292 1015; x_wconf 89' lang='lat' dir='ltr'><strong>andree</strong></span> 
     </span>
     <span class='ocr_line' id='line_1_11' title="bbox 490 1040 2293 1097; baseline -0.001 -12"><span class='ocrx_word' id='word_1_83' title='bbox 490 1043 680 1086; x_wconf 83' lang='lat' dir='ltr'><strong>tailzour</strong></span> <span class='ocrx_word' id='word_1_84' title='bbox 2067 1040 2111 1096; x_wconf 88' lang='lat' dir='ltr'><strong>iij</strong></span> <span class='ocrx_word' id='word_1_85' title='bbox 2137 1055 2158 1083; x_wconf 91' lang='grc'>8</span> <span class='ocrx_word' id='word_1_86' title='bbox 2179 1041 2240 1097; x_wconf 90' lang='lat' dir='ltr'><strong>iiij</strong></span> <span class='ocrx_word' id='word_1_87' title='bbox 2265 1042 2293 1084; x_wconf 91' lang='lat' dir='ltr'><strong>d</strong></span> 
     </span>
    </p>
   </div>
   <div class='ocr_carea' id='block_1_5' title="bbox 607 1108 2293 1233">
    <p class='ocr_par' dir='ltr' id='par_1_5' title="bbox 607 1108 2293 1233">
     <span class='ocr_line' id='line_1_12' title="bbox 607 1108 1070 1153; baseline -0.009 0"><span class='ocrx_word' id='word_1_88' title='bbox 607 1111 794 1153; x_wconf 90' lang='lat' dir='ltr'><strong>Summa</strong></span> <span class='ocrx_word' id='word_1_89' title='bbox 816 1108 949 1151; x_wconf 87' lang='lat' dir='ltr'><strong>huius</strong></span> <span class='ocrx_word' id='word_1_90' title='bbox 970 1122 1026 1150; x_wconf 85' lang='lat' dir='ltr'><strong>xx</strong></span> <span class='ocrx_word' id='word_1_91' title='bbox 1049 1121 1070 1149; x_wconf 93' lang='grc'>8</span> 
     </span>
     <span class='ocr_line' id='line_1_13' title="bbox 609 1175 2293 1233; baseline -0.001 -12"><span class='ocrx_word' id='word_1_92' title='bbox 609 1181 724 1221; x_wconf 90' lang='lat' dir='ltr'><strong>Item</strong></span> <span class='ocrx_word' id='word_1_93' title='bbox 757 1192 835 1233; x_wconf 86' lang='lat' dir='ltr'><strong>pro</strong></span> <span class='ocrx_word' id='word_1_94' title='bbox 858 1182 1111 1231; x_wconf 79' lang='lat' dir='ltr'><strong>margareta</strong></span> <span class='ocrx_word' id='word_1_95' title='bbox 1132 1176 1278 1219; x_wconf 91' lang='lat' dir='ltr'><strong>Waus</strong></span> <span class='ocrx_word' id='word_1_96' title='bbox 1300 1182 1343 1217; x_wconf 90' lang='lat' dir='ltr'><strong>et</strong></span> <span class='ocrx_word' id='word_1_97' title='bbox 1373 1176 1542 1218; x_wconf 86' lang='lat' dir='ltr'><strong>Ioanne</strong></span> <span class='ocrx_word' id='word_1_98' title='bbox 1575 1189 1754 1218; x_wconf 82' lang='lat' dir='ltr'><strong>menzes</strong></span> <span class='ocrx_word' id='word_1_99' title='bbox 1785 1175 1881 1218; x_wconf 89' lang='lat' dir='ltr'><strong>eius</strong></span> <span class='ocrx_word' id='word_1_100' title='bbox 1903 1190 2068 1230; x_wconf 87' lang='lat' dir='ltr'><strong>sponsa</strong></span> <span class='ocrx_word' id='word_1_101' title='bbox 2089 1177 2143 1220; x_wconf 90' lang='lat' dir='ltr'><strong>de</strong></span> <span class='ocrx_word' id='word_1_102' title='bbox 2174 1182 2293 1220; x_wconf 87' lang='lat' dir='ltr'><strong>terra</strong></span> 
     </span>
    </p>
   </div>
   <div class='ocr_carea' id='block_1_6' title="bbox 490 1243 2292 1303">
    <p class='ocr_par' dir='ltr' id='par_1_6' title="bbox 490 1243 2292 1303">
     <span class='ocr_line' id='line_1_14' title="bbox 490 1243 2292 1303; baseline -0.001 -13"><span class='ocrx_word' id='word_1_103' title='bbox 490 1247 665 1303; x_wconf 90' lang='lat' dir='ltr'><strong>gilberti</strong></span> <span class='ocrx_word' id='word_1_104' title='bbox 682 1260 861 1288; x_wconf 84' lang='lat' dir='ltr'><strong>menzes</strong></span> <span class='ocrx_word' id='word_1_105' title='bbox 881 1246 1064 1287; x_wconf 89' lang='lat' dir='ltr'><strong>Iacente</strong></span> <span class='ocrx_word' id='word_1_106' title='bbox 1081 1243 1125 1285; x_wconf 94' lang='lat' dir='ltr'><strong>in</strong></span> <span class='ocrx_word' id='word_1_107' title='bbox 1142 1243 1240 1286; x_wconf 91' lang='lat' dir='ltr'><strong>vico</strong></span> <span class='ocrx_word' id='word_1_108' title='bbox 1258 1244 1392 1298; x_wconf 88' lang='lat' dir='ltr'><strong>castrj</strong></span> <span class='ocrx_word' id='word_1_109' title='bbox 1413 1258 1464 1286; x_wconf 88' lang='lat' dir='ltr'><strong>ex</strong></span> <span class='ocrx_word' id='word_1_110' title='bbox 1482 1243 1666 1286; x_wconf 80' lang='lat' dir='ltr'><strong>australi</strong></span> <span class='ocrx_word' id='word_1_111' title='bbox 1684 1250 1809 1298; x_wconf 89' lang='lat' dir='ltr'><strong>parte</strong></span> <span class='ocrx_word' id='word_1_112' title='bbox 1825 1244 2022 1287; x_wconf 90' lang='lat' dir='ltr'><strong>eiusdem</strong></span> <span class='ocrx_word' id='word_1_113' title='bbox 2039 1244 2124 1301; x_wconf 91' lang='lat' dir='ltr'><strong>vicj</strong></span> <span class='ocrx_word' id='word_1_114' title='bbox 2151 1259 2207 1288; x_wconf 87' lang='lat' dir='ltr'><strong>xx</strong></span> <span class='ocrx_word' id='word_1_115' title='bbox 2229 1261 2250 1288; x_wconf 91' lang='grc'>8</span> <span class='ocrx_word' id='word_1_116' title='bbox 2267 1245 2292 1270; x_wconf 67' lang='grc'><em>*</em></span> 
     </span>
    </p>
   </div>
   <div class='ocr_carea' id='block_1_7' title="bbox 606 1313 2291 1437">
    <p class='ocr_par' dir='ltr' id='par_1_7' title="bbox 606 1313 2291 1437">
     <span class='ocr_line' id='line_1_15' title="bbox 606 1313 1068 1358; baseline -0.011 0"><span class='ocrx_word' id='word_1_117' title='bbox 606 1317 793 1358; x_wconf 89' lang='lat' dir='ltr'><strong>Summa</strong></span> <span class='ocrx_word' id='word_1_118' title='bbox 816 1313 948 1355; x_wconf 88' lang='lat' dir='ltr'><strong>huius</strong></span> <span class='ocrx_word' id='word_1_119' title='bbox 970 1327 1026 1354; x_wconf 85' lang='lat' dir='ltr'><strong>xx</strong></span> <span class='ocrx_word' id='word_1_120' title='bbox 1048 1327 1068 1354; x_wconf 89' lang='grc'>8</span> 
     </span>
     <span class='ocr_line' id='line_1_16' title="bbox 608 1380 2291 1437; baseline -0.001 -11"><span class='ocrx_word' id='word_1_121' title='bbox 608 1385 723 1426; x_wconf 90' lang='lat' dir='ltr'><strong>Item</strong></span> <span class='ocrx_word' id='word_1_122' title='bbox 756 1396 834 1437; x_wconf 92' lang='lat' dir='ltr'><strong>pro</strong></span> <span class='ocrx_word' id='word_1_123' title='bbox 866 1382 1033 1423; x_wconf 91' lang='lat' dir='ltr'><strong>andrea</strong></span> <span class='ocrx_word' id='word_1_124' title='bbox 1064 1380 1259 1422; x_wconf 91' lang='lat' dir='ltr'><strong>branche</strong></span> <span class='ocrx_word' id='word_1_125' title='bbox 1291 1381 1344 1422; x_wconf 90' lang='lat' dir='ltr'><strong>de</strong></span> <span class='ocrx_word' id='word_1_126' title='bbox 1375 1386 1493 1422; x_wconf 89' lang='lat' dir='ltr'><strong>terra</strong></span> <span class='ocrx_word' id='word_1_127' title='bbox 1525 1381 1750 1434; x_wconf 91' lang='lat' dir='ltr'><strong>quondam</strong></span> <span class='ocrx_word' id='word_1_128' title='bbox 1784 1381 2002 1425; x_wconf 89' lang='lat' dir='ltr'><strong>Willelmi</strong></span> <span class='ocrx_word' id='word_1_129' title='bbox 2034 1382 2216 1425; x_wconf 89' lang='lat' dir='ltr'><strong>meirnis</strong></span> <span class='ocrx_word' id='word_1_130' title='bbox 2246 1383 2291 1426; x_wconf 91' lang='lat' dir='ltr'><strong>in</strong></span> 
     </span>
    </p>
   </div>
   <div class='ocr_carea' id='block_1_8' title="bbox 486 1448 2290 2129">
    <p class='ocr_par' dir='ltr' id='par_1_8' title="bbox 488 1448 2290 1714">
     <span class='ocr_line' id='line_1_17' title="bbox 488 1448 2290 1507; baseline 0.001 -13"><span class='ocrx_word' id='word_1_131' title='bbox 488 1453 586 1494; x_wconf 90' lang='lat' dir='ltr'><strong>vico</strong></span> <span class='ocrx_word' id='word_1_132' title='bbox 608 1449 802 1493; x_wconf 90' lang='lat' dir='ltr'><strong>inferiori</strong></span> <span class='ocrx_word' id='word_1_133' title='bbox 825 1448 1011 1492; x_wconf 85' lang='lat' dir='ltr'><strong>ecclesie</strong></span> <span class='ocrx_word' id='word_1_134' title='bbox 1034 1462 1152 1490; x_wconf 89' lang='lat' dir='ltr'><strong>nunc</strong></span> <span class='ocrx_word' id='word_1_135' title='bbox 1173 1454 1303 1490; x_wconf 84' lang='lat' dir='ltr'><strong>vasta</strong></span> <span class='ocrx_word' id='word_1_136' title='bbox 2054 1451 2096 1506; x_wconf 90' lang='lat' dir='ltr'><strong>vj</strong></span> <span class='ocrx_word' id='word_1_137' title='bbox 2122 1466 2143 1494; x_wconf 90' lang='grc'>8</span> <span class='ocrx_word' id='word_1_138' title='bbox 2163 1452 2237 1507; x_wconf 88' lang='lat' dir='ltr'><strong>viij</strong></span> <span class='ocrx_word' id='word_1_139' title='bbox 2262 1454 2290 1496; x_wconf 90' lang='lat' dir='ltr'><strong>d</strong></span> 
     </span>
     <span class='ocr_line' id='line_1_18' title="bbox 605 1517 2288 1576; baseline 0.001 -14"><span class='ocrx_word' id='word_1_140' title='bbox 605 1523 719 1563; x_wconf 90' lang='lat' dir='ltr'><strong>Item</strong></span> <span class='ocrx_word' id='word_1_141' title='bbox 743 1534 821 1574; x_wconf 92' lang='lat' dir='ltr'><strong>pro</strong></span> <span class='ocrx_word' id='word_1_142' title='bbox 844 1519 999 1561; x_wconf 91' lang='lat' dir='ltr'><strong>eodem</strong></span> <span class='ocrx_word' id='word_1_143' title='bbox 1023 1519 1075 1560; x_wconf 94' lang='lat' dir='ltr'><strong>de</strong></span> <span class='ocrx_word' id='word_1_144' title='bbox 1097 1524 1214 1560; x_wconf 90' lang='lat' dir='ltr'><strong>terra</strong></span> <span class='ocrx_word' id='word_1_145' title='bbox 1237 1517 1416 1559; x_wconf 89' lang='lat' dir='ltr'><strong>mathee</strong></span> <span class='ocrx_word' id='word_1_146' title='bbox 1438 1517 1606 1560; x_wconf 90' lang='lat' dir='ltr'><strong>branch</strong></span> <span class='ocrx_word' id='word_1_147' title='bbox 1628 1517 1673 1559; x_wconf 90' lang='lat' dir='ltr'><strong>in</strong></span> <span class='ocrx_word' id='word_1_148' title='bbox 1694 1518 1792 1561; x_wconf 91' lang='lat' dir='ltr'><strong>vico</strong></span> <span class='ocrx_word' id='word_1_149' title='bbox 1814 1519 1998 1562; x_wconf 89' lang='lat' dir='ltr'><strong>nauium</strong></span> <span class='ocrx_word' id='word_1_150' title='bbox 2063 1520 2107 1575; x_wconf 89' lang='lat' dir='ltr'><strong>iij</strong></span> <span class='ocrx_word' id='word_1_151' title='bbox 2133 1535 2154 1563; x_wconf 90' lang='lat' dir='ltr'><strong>s</strong></span> <span class='ocrx_word' id='word_1_152' title='bbox 2175 1521 2236 1576; x_wconf 90' lang='lat' dir='ltr'><strong>iiij</strong></span> <span class='ocrx_word' id='word_1_153' title='bbox 2261 1523 2288 1565; x_wconf 88' lang='lat' dir='ltr'><strong>d</strong></span> 
     </span>
     <span class='ocr_line' id='line_1_19' title="bbox 603 1586 1695 1641; baseline -0.005 -8"><span class='ocrx_word' id='word_1_154' title='bbox 603 1592 792 1633; x_wconf 89' lang='lat' dir='ltr'><strong>Summa</strong></span> <span class='ocrx_word' id='word_1_155' title='bbox 815 1588 948 1630; x_wconf 88' lang='lat' dir='ltr'><strong>huius</strong></span> <span class='ocrx_word' id='word_1_156' title='bbox 970 1601 996 1629; x_wconf 87' lang='lat' dir='ltr'>x</span> <span class='ocrx_word' id='word_1_157' title='bbox 1019 1602 1040 1629; x_wconf 92' lang='grc'>8</span> <span class='ocrx_word' id='word_1_158' title='bbox 1063 1593 1105 1629; x_wconf 89' lang='lat' dir='ltr'><strong>et</strong></span> <span class='ocrx_word' id='word_1_159' title='bbox 1129 1588 1181 1629; x_wconf 90' lang='lat' dir='ltr'><strong>de</strong></span> <span class='ocrx_word' id='word_1_160' title='bbox 1204 1586 1288 1628; x_wconf 92' lang='lat' dir='ltr'><strong>hac</strong></span> <span class='ocrx_word' id='word_1_161' title='bbox 1310 1593 1440 1629; x_wconf 89' lang='lat' dir='ltr'><strong>vasta</strong></span> <span class='ocrx_word' id='word_1_162' title='bbox 1460 1586 1502 1641; x_wconf 87' lang='lat' dir='ltr'><strong>vj</strong></span> <span class='ocrx_word' id='word_1_163' title='bbox 1528 1601 1548 1628; x_wconf 94' lang='grc'>8</span> <span class='ocrx_word' id='word_1_164' title='bbox 1569 1586 1642 1641; x_wconf 93' lang='lat' dir='ltr'><strong>viij</strong></span> <span class='ocrx_word' id='word_1_165' title='bbox 1668 1588 1695 1629; x_wconf 94' lang='lat' dir='ltr'><strong>d</strong></span> 
     </span>
     <span class='ocr_line' id='line_1_20' title="bbox 607 1657 2289 1714; baseline 0 -12"><span class='ocrx_word' id='word_1_166' title='bbox 607 1661 721 1702; x_wconf 88' lang='lat' dir='ltr'><strong>Item</strong></span> <span class='ocrx_word' id='word_1_167' title='bbox 746 1673 822 1714; x_wconf 94' lang='lat' dir='ltr'><strong>pro</strong></span> <span class='ocrx_word' id='word_1_168' title='bbox 851 1659 1019 1700; x_wconf 89' lang='lat' dir='ltr'><strong>Ioanne</strong></span> <span class='ocrx_word' id='word_1_169' title='bbox 1046 1658 1249 1699; x_wconf 87' lang='lat' dir='ltr'><strong>durward</strong></span> <span class='ocrx_word' id='word_1_170' title='bbox 1281 1658 1334 1699; x_wconf 93' lang='lat' dir='ltr'><strong>de</strong></span> <span class='ocrx_word' id='word_1_171' title='bbox 1367 1663 1485 1699; x_wconf 89' lang='lat' dir='ltr'><strong>terra</strong></span> <span class='ocrx_word' id='word_1_172' title='bbox 1516 1657 1728 1699; x_wconf 88' lang='lat' dir='ltr'><strong>heredum</strong></span> <span class='ocrx_word' id='word_1_173' title='bbox 1763 1658 1946 1700; x_wconf 85' lang='lat' dir='ltr'><strong>Ioannis</strong></span> <span class='ocrx_word' id='word_1_174' title='bbox 1977 1658 2125 1701; x_wconf 89' lang='lat' dir='ltr'><strong>kintor</strong></span> <span class='ocrx_word' id='word_1_175' title='bbox 2155 1674 2289 1714; x_wconf 89' lang='lat' dir='ltr'><strong>quam</strong></span> 
     </span>
    </p>

    <p class='ocr_par' dir='ltr' id='par_1_9' title="bbox 488 1725 2289 1853">
     <span class='ocr_line' id='line_1_21' title="bbox 488 1725 2288 1781; baseline -0.001 -9"><span class='ocrx_word' id='word_1_176' title='bbox 488 1729 710 1772; x_wconf 85' lang='lat' dir='ltr'><strong>inhabitat</strong></span> <span class='ocrx_word' id='word_1_177' title='bbox 732 1742 839 1770; x_wconf 85' lang='lat' dir='ltr'><strong>vxor</strong></span> <span class='ocrx_word' id='word_1_178' title='bbox 860 1727 993 1769; x_wconf 89' lang='lat' dir='ltr'><strong>dauid</strong></span> <span class='ocrx_word' id='word_1_179' title='bbox 1016 1740 1113 1768; x_wconf 91' lang='lat' dir='ltr'><strong>mar</strong></span> <span class='ocrx_word' id='word_1_180' title='bbox 1134 1726 1321 1768; x_wconf 85' lang='lat' dir='ltr'><strong>senioris</strong></span> <span class='ocrx_word' id='word_1_181' title='bbox 1343 1725 1387 1767; x_wconf 88' lang='lat' dir='ltr'><strong>in</strong></span> <span class='ocrx_word' id='word_1_182' title='bbox 1409 1726 1506 1768; x_wconf 93' lang='lat' dir='ltr'><strong>vico</strong></span> <span class='ocrx_word' id='word_1_183' title='bbox 1529 1726 1754 1781; x_wconf 87' lang='lat' dir='ltr'><strong>superiore</strong></span> <span class='ocrx_word' id='word_1_184' title='bbox 1777 1727 1962 1770; x_wconf 89' lang='lat' dir='ltr'><strong>ecclesie</strong></span> <span class='ocrx_word' id='word_1_185' title='bbox 2174 1743 2203 1771; x_wconf 91' lang='lat' dir='ltr'>v</span> <span class='ocrx_word' id='word_1_186' title='bbox 2224 1744 2245 1771; x_wconf 90' lang='grc'>8</span> <span class='ocrx_word' id='word_1_187' title='bbox 2262 1731 2288 1774; x_wconf 91' lang='lat'><em>†</em></span> 
     </span>
     <span class='ocr_line' id='line_1_22' title="bbox 605 1796 2289 1853; baseline 0.001 -13"><span class='ocrx_word' id='word_1_188' title='bbox 605 1800 719 1840; x_wconf 92' lang='lat' dir='ltr'><strong>Item</strong></span> <span class='ocrx_word' id='word_1_189' title='bbox 742 1812 820 1853; x_wconf 92' lang='lat' dir='ltr'><strong>pro</strong></span> <span class='ocrx_word' id='word_1_190' title='bbox 844 1798 1011 1839; x_wconf 89' lang='lat' dir='ltr'><strong>Ioanne</strong></span> <span class='ocrx_word' id='word_1_191' title='bbox 1034 1802 1218 1838; x_wconf 85' lang='lat' dir='ltr'><strong>stuwart</strong></span> <span class='ocrx_word' id='word_1_192' title='bbox 1242 1802 1285 1838; x_wconf 90' lang='lat' dir='ltr'><strong>et</strong></span> <span class='ocrx_word' id='word_1_193' title='bbox 1306 1810 1438 1838; x_wconf 86' lang='lat' dir='ltr'><strong>vxore</strong></span> <span class='ocrx_word' id='word_1_194' title='bbox 1460 1797 1514 1838; x_wconf 92' lang='lat' dir='ltr'><strong>de</strong></span> <span class='ocrx_word' id='word_1_195' title='bbox 1535 1802 1653 1838; x_wconf 89' lang='lat' dir='ltr'><strong>terra</strong></span> <span class='ocrx_word' id='word_1_196' title='bbox 1674 1796 1780 1838; x_wconf 90' lang='lat' dir='ltr'><strong>olim</strong></span> <span class='ocrx_word' id='word_1_197' title='bbox 1803 1796 1943 1851; x_wconf 85' lang='lat' dir='ltr'><strong>ipsius</strong></span> <span class='ocrx_word' id='word_1_198' title='bbox 1966 1797 2150 1841; x_wconf 89' lang='lat' dir='ltr'><strong>Ioannis</strong></span> <span class='ocrx_word' id='word_1_199' title='bbox 2171 1813 2289 1842; x_wconf 92' lang='lat' dir='ltr'><strong>nunc</strong></span> 
     </span>
    </p>

    <p class='ocr_par' dir='ltr' id='par_1_10' title="bbox 487 1865 2290 2062">
     <span class='ocr_line' id='line_1_23' title="bbox 487 1865 2290 1925; baseline 0.002 -15"><span class='ocrx_word' id='word_1_200' title='bbox 487 1867 679 1921; x_wconf 90' lang='lat' dir='ltr'><strong>duncanj</strong></span> <span class='ocrx_word' id='word_1_201' title='bbox 698 1874 848 1921; x_wconf 87' lang='lat' dir='ltr'><strong>portar</strong></span> <span class='ocrx_word' id='word_1_202' title='bbox 861 1866 905 1908; x_wconf 91' lang='lat' dir='ltr'><strong>in</strong></span> <span class='ocrx_word' id='word_1_203' title='bbox 919 1865 1017 1908; x_wconf 90' lang='lat' dir='ltr'><strong>vico</strong></span> <span class='ocrx_word' id='word_1_204' title='bbox 1031 1865 1254 1908; x_wconf 88' lang='lat' dir='ltr'><strong>furcarum</strong></span> <span class='ocrx_word' id='word_1_205' title='bbox 1270 1880 1323 1907; x_wconf 87' lang='lat' dir='ltr'><strong>ex</strong></span> <span class='ocrx_word' id='word_1_206' title='bbox 1337 1865 1541 1908; x_wconf 89' lang='lat' dir='ltr'><strong>orientali</strong></span> <span class='ocrx_word' id='word_1_207' title='bbox 1556 1873 1680 1921; x_wconf 88' lang='lat' dir='ltr'><strong>parte</strong></span> <span class='ocrx_word' id='word_1_208' title='bbox 1695 1866 1893 1910; x_wconf 89' lang='lat' dir='ltr'><strong>eiusdem</strong></span> <span class='ocrx_word' id='word_1_209' title='bbox 1907 1867 1992 1923; x_wconf 90' lang='lat' dir='ltr'><strong>vicj</strong></span> <span class='ocrx_word' id='word_1_210' title='bbox 2039 1868 2126 1924; x_wconf 87' lang='lat' dir='ltr'><strong>xvij</strong></span> <span class='ocrx_word' id='word_1_211' title='bbox 2147 1884 2168 1912; x_wconf 90' lang='grc'>8</span> <span class='ocrx_word' id='word_1_212' title='bbox 2182 1869 2243 1925; x_wconf 92' lang='lat' dir='ltr'><strong>iiij</strong></span> <span class='ocrx_word' id='word_1_213' title='bbox 2262 1870 2290 1914; x_wconf 90' lang='lat' dir='ltr'><strong>d</strong></span> 
     </span>
     <span class='ocr_line' id='line_1_24' title="bbox 602 1935 1236 1990; baseline -0.005 -10"><span class='ocrx_word' id='word_1_214' title='bbox 602 1939 791 1980; x_wconf 89' lang='lat' dir='ltr'><strong>Summa</strong></span> <span class='ocrx_word' id='word_1_215' title='bbox 813 1936 946 1979; x_wconf 91' lang='lat' dir='ltr'><strong>huius</strong></span> <span class='ocrx_word' id='word_1_216' title='bbox 967 1935 1054 1990; x_wconf 86' lang='lat' dir='ltr'><strong>xvij</strong></span> <span class='ocrx_word' id='word_1_217' title='bbox 1080 1950 1100 1977; x_wconf 93' lang='grc'>8</span> <span class='ocrx_word' id='word_1_218' title='bbox 1123 1935 1183 1990; x_wconf 87' lang='lat' dir='ltr'><strong>iiij</strong></span> <span class='ocrx_word' id='word_1_219' title='bbox 1208 1936 1236 1978; x_wconf 91' lang='lat' dir='ltr'><strong>d</strong></span> 
     </span>
     <span class='ocr_line' id='line_1_25' title="bbox 605 2005 2288 2062; baseline 0.001 -13"><span class='ocrx_word' id='word_1_220' title='bbox 605 2009 719 2049; x_wconf 89' lang='lat' dir='ltr'><strong>Item</strong></span> <span class='ocrx_word' id='word_1_221' title='bbox 743 2021 820 2061; x_wconf 93' lang='lat' dir='ltr'><strong>pro</strong></span> <span class='ocrx_word' id='word_1_222' title='bbox 843 2005 1024 2048; x_wconf 92' lang='lat' dir='ltr'><strong>domino</strong></span> <span class='ocrx_word' id='word_1_223' title='bbox 1053 2005 1293 2047; x_wconf 86' lang='lat' dir='ltr'><strong>alexandro</strong></span> <span class='ocrx_word' id='word_1_224' title='bbox 1320 2011 1451 2047; x_wconf 89' lang='lat' dir='ltr'><strong>vocat</strong></span> <span class='ocrx_word' id='word_1_225' title='bbox 1481 2011 1524 2047; x_wconf 91' lang='lat' dir='ltr'><strong>et</strong></span> <span class='ocrx_word' id='word_1_226' title='bbox 1553 2011 1712 2060; x_wconf 89' lang='lat' dir='ltr'><strong>agnete</strong></span> <span class='ocrx_word' id='word_1_227' title='bbox 1744 2005 1881 2048; x_wconf 89' lang='lat' dir='ltr'><strong>fichat</strong></span> <span class='ocrx_word' id='word_1_228' title='bbox 1908 2021 2041 2049; x_wconf 86' lang='lat' dir='ltr'><strong>vxore</strong></span> <span class='ocrx_word' id='word_1_229' title='bbox 2063 2008 2288 2062; x_wconf 90' lang='lat' dir='ltr'><strong>quondam</strong></span> 
     </span>
    </p>

    <p class='ocr_par' dir='ltr' id='par_1_11' title="bbox 486 2074 2287 2129">
     <span class='ocr_line' id='line_1_26' title="bbox 486 2074 2287 2129; baseline -0.001 -9"><span class='ocrx_word' id='word_1_230' title='bbox 486 2077 620 2120; x_wconf 89' lang='lat' dir='ltr'><strong>dauid</strong></span> <span class='ocrx_word' id='word_1_231' title='bbox 642 2076 859 2119; x_wconf 90' lang='lat' dir='ltr'><strong>collisoun</strong></span> <span class='ocrx_word' id='word_1_232' title='bbox 882 2077 936 2118; x_wconf 91' lang='lat' dir='ltr'><strong>de</strong></span> <span class='ocrx_word' id='word_1_233' title='bbox 957 2082 1076 2117; x_wconf 89' lang='lat' dir='ltr'><strong>terra</strong></span> <span class='ocrx_word' id='word_1_234' title='bbox 1098 2076 1322 2129; x_wconf 89' lang='lat' dir='ltr'><strong>quondam</strong></span> <span class='ocrx_word' id='word_1_235' title='bbox 1347 2074 1498 2117; x_wconf 91' lang='lat' dir='ltr'><strong>Iacobi</strong></span> <span class='ocrx_word' id='word_1_236' title='bbox 1516 2075 1733 2117; x_wconf 86' lang='lat' dir='ltr'><strong>collisoun</strong></span> <span class='ocrx_word' id='word_1_237' title='bbox 1751 2075 1796 2116; x_wconf 93' lang='lat' dir='ltr'><strong>in</strong></span> <span class='ocrx_word' id='word_1_238' title='bbox 1817 2075 1915 2118; x_wconf 91' lang='lat' dir='ltr'><strong>vico</strong></span> <span class='ocrx_word' id='word_1_239' title='bbox 1936 2076 2159 2119; x_wconf 89' lang='lat' dir='ltr'><strong>furcarum</strong></span> <span class='ocrx_word' id='word_1_240' title='bbox 2181 2077 2287 2118; x_wconf 92' lang='lat' dir='ltr'><strong>olim</strong></span> 
     </span>
    </p>
   </div>
   <div class='ocr_carea' id='block_1_9' title="bbox 485 2144 2288 2754">
    <p class='ocr_par' dir='ltr' id='par_1_12' title="bbox 485 2144 2288 2754">
     <span class='ocr_line' id='line_1_27' title="bbox 487 2144 2286 2201; baseline -0.001 -11"><span class='ocrx_word' id='word_1_241' title='bbox 487 2147 621 2190; x_wconf 91' lang='lat' dir='ltr'><strong>dauid</strong></span> <span class='ocrx_word' id='word_1_242' title='bbox 643 2146 804 2189; x_wconf 90' lang='lat' dir='ltr'><strong>roberti</strong></span> <span class='ocrx_word' id='word_1_243' title='bbox 827 2145 1077 2201; x_wconf 90' lang='lat' dir='ltr'><strong>pertinente</strong></span> <span class='ocrx_word' id='word_1_244' title='bbox 1099 2159 1152 2187; x_wconf 87' lang='lat' dir='ltr'><strong>ex</strong></span> <span class='ocrx_word' id='word_1_245' title='bbox 1173 2144 1440 2187; x_wconf 89' lang='lat' dir='ltr'><strong>occidentali</strong></span> <span class='ocrx_word' id='word_1_246' title='bbox 1463 2151 1588 2199; x_wconf 91' lang='lat' dir='ltr'><strong>parte</strong></span> <span class='ocrx_word' id='word_1_247' title='bbox 1610 2144 1809 2187; x_wconf 90' lang='lat' dir='ltr'><strong>eiusdem</strong></span> <span class='ocrx_word' id='word_1_248' title='bbox 2022 2145 2067 2187; x_wconf 90' lang='lat' dir='ltr'><strong>iii</strong></span> <span class='ocrx_word' id='word_1_249' title='bbox 2090 2160 2112 2187; x_wconf 88' lang='lat' dir='ltr'><strong>s</strong></span> <span class='ocrx_word' id='word_1_250' title='bbox 2132 2145 2192 2200; x_wconf 90' lang='lat' dir='ltr'><strong>iiij</strong></span> <span class='ocrx_word' id='word_1_251' title='bbox 2218 2147 2245 2189; x_wconf 88' lang='lat' dir='ltr'><strong>d</strong></span> <span class='ocrx_word' id='word_1_252' title='bbox 2264 2148 2286 2198; x_wconf 71' lang='lat'>1</span> 
     </span>
     <span class='ocr_line' id='line_1_28' title="bbox 604 2213 2286 2270; baseline -0.001 -12"><span class='ocrx_word' id='word_1_253' title='bbox 604 2217 718 2258; x_wconf 91' lang='lat' dir='ltr'><strong>Item</strong></span> <span class='ocrx_word' id='word_1_254' title='bbox 742 2229 820 2270; x_wconf 90' lang='lat' dir='ltr'><strong>pro</strong></span> <span class='ocrx_word' id='word_1_255' title='bbox 843 2214 1010 2256; x_wconf 89' lang='lat' dir='ltr'><strong>eisdem</strong></span> <span class='ocrx_word' id='word_1_256' title='bbox 1039 2215 1093 2256; x_wconf 92' lang='lat' dir='ltr'><strong>de</strong></span> <span class='ocrx_word' id='word_1_257' title='bbox 1123 2221 1241 2255; x_wconf 83' lang='lat' dir='ltr'><strong>terra</strong></span> <span class='ocrx_word' id='word_1_258' title='bbox 1262 2213 1419 2268; x_wconf 90' lang='lat' dir='ltr'><strong>valterj</strong></span> <span class='ocrx_word' id='word_1_259' title='bbox 1444 2213 1681 2256; x_wconf 89' lang='lat' dir='ltr'><strong>thomsone</strong></span> <span class='ocrx_word' id='word_1_260' title='bbox 1707 2228 1825 2256; x_wconf 92' lang='lat' dir='ltr'><strong>nunc</strong></span> <span class='ocrx_word' id='word_1_261' title='bbox 1850 2214 2024 2256; x_wconf 90' lang='lat' dir='ltr'><strong>Ionnak</strong></span> <span class='ocrx_word' id='word_1_262' title='bbox 2043 2214 2286 2257; x_wconf 85' lang='lat' dir='ltr'><strong>thomsoun</strong></span> 
     </span>
     <span class='ocr_line' id='line_1_29' title="bbox 489 2283 2286 2339; baseline -0.002 -11"><span class='ocrx_word' id='word_1_263' title='bbox 489 2287 672 2328; x_wconf 86' lang='lat' dir='ltr'><strong>Iacente</strong></span> <span class='ocrx_word' id='word_1_264' title='bbox 694 2285 739 2327; x_wconf 90' lang='lat' dir='ltr'><strong>in</strong></span> <span class='ocrx_word' id='word_1_265' title='bbox 762 2286 917 2327; x_wconf 89' lang='lat' dir='ltr'><strong>eadem</strong></span> <span class='ocrx_word' id='word_1_266' title='bbox 941 2290 1066 2339; x_wconf 88' lang='lat' dir='ltr'><strong>parte</strong></span> <span class='ocrx_word' id='word_1_267' title='bbox 1088 2283 1287 2326; x_wconf 86' lang='lat' dir='ltr'><strong>eiusdem</strong></span> <span class='ocrx_word' id='word_1_268' title='bbox 1310 2283 1395 2338; x_wconf 90' lang='lat' dir='ltr'><strong>vicj</strong></span> <span class='ocrx_word' id='word_1_269' title='bbox 2215 2299 2243 2326; x_wconf 94' lang='lat' dir='ltr'>v</span> <span class='ocrx_word' id='word_1_270' title='bbox 2265 2299 2286 2327; x_wconf 98' lang='grc'>8</span> 
     </span>
     <span class='ocr_line' id='line_1_30' title="bbox 602 2353 2288 2408; baseline 0 -12"><span class='ocrx_word' id='word_1_271' title='bbox 602 2356 718 2396; x_wconf 91' lang='lat' dir='ltr'><strong>Item</strong></span> <span class='ocrx_word' id='word_1_272' title='bbox 769 2368 847 2408; x_wconf 90' lang='lat' dir='ltr'><strong>pro</strong></span> <span class='ocrx_word' id='word_1_273' title='bbox 889 2353 1054 2395; x_wconf 91' lang='lat' dir='ltr'><strong>eisdem</strong></span> <span class='ocrx_word' id='word_1_274' title='bbox 1097 2354 1150 2395; x_wconf 93' lang='lat' dir='ltr'><strong>de</strong></span> <span class='ocrx_word' id='word_1_275' title='bbox 1192 2359 1309 2395; x_wconf 86' lang='lat' dir='ltr'><strong>terra</strong></span> <span class='ocrx_word' id='word_1_276' title='bbox 1362 2353 1586 2407; x_wconf 90' lang='lat' dir='ltr'><strong>quondam</strong></span> <span class='ocrx_word' id='word_1_277' title='bbox 1641 2353 1802 2395; x_wconf 92' lang='lat' dir='ltr'><strong>andree</strong></span> <span class='ocrx_word' id='word_1_278' title='bbox 1844 2353 1968 2395; x_wconf 90' lang='lat' dir='ltr'><strong>anfra</strong></span> <span class='ocrx_word' id='word_1_279' title='bbox 2011 2354 2193 2396; x_wconf 90' lang='lat' dir='ltr'><strong>Iacente</strong></span> <span class='ocrx_word' id='word_1_280' title='bbox 2234 2369 2288 2396; x_wconf 87' lang='lat' dir='ltr'><strong>ex</strong></span> 
     </span>
     <span class='ocr_line' id='line_1_31' title="bbox 485 2422 2284 2478; baseline -0.001 -11"><span class='ocrx_word' id='word_1_281' title='bbox 485 2423 690 2467; x_wconf 88' lang='lat' dir='ltr'><strong>orientali</strong></span> <span class='ocrx_word' id='word_1_282' title='bbox 713 2430 837 2478; x_wconf 87' lang='lat' dir='ltr'><strong>parte</strong></span> <span class='ocrx_word' id='word_1_283' title='bbox 861 2422 1058 2464; x_wconf 88' lang='lat' dir='ltr'><strong>eiusdem</strong></span> <span class='ocrx_word' id='word_1_284' title='bbox 1081 2422 1166 2465; x_wconf 91' lang='lat' dir='ltr'><strong>vici</strong></span> <span class='ocrx_word' id='word_1_285' title='bbox 2174 2422 2232 2477; x_wconf 86' lang='lat' dir='ltr'><strong>xij</strong></span> <span class='ocrx_word' id='word_1_286' title='bbox 2257 2423 2284 2465; x_wconf 89' lang='lat' dir='ltr'><strong>d</strong></span> 
     </span>
     <span class='ocr_line' id='line_1_32' title="bbox 602 2490 2285 2535; baseline -0.001 0"><span class='ocrx_word' id='word_1_287' title='bbox 602 2494 716 2535; x_wconf 91' lang='lat' dir='ltr'><strong>Item</strong></span> <span class='ocrx_word' id='word_1_288' title='bbox 739 2493 792 2534; x_wconf 90' lang='lat' dir='ltr'><strong>de</strong></span> <span class='ocrx_word' id='word_1_289' title='bbox 815 2498 931 2533; x_wconf 89' lang='lat' dir='ltr'><strong>terra</strong></span> <span class='ocrx_word' id='word_1_290' title='bbox 956 2491 1138 2533; x_wconf 87' lang='lat' dir='ltr'><strong>Ioannis</strong></span> <span class='ocrx_word' id='word_1_291' title='bbox 1161 2491 1378 2533; x_wconf 87' lang='lat' dir='ltr'><strong>collisoun</strong></span> <span class='ocrx_word' id='word_1_292' title='bbox 1397 2491 1441 2532; x_wconf 92' lang='lat' dir='ltr'><strong>in</strong></span> <span class='ocrx_word' id='word_1_293' title='bbox 1459 2492 1613 2533; x_wconf 90' lang='lat' dir='ltr'><strong>eodem</strong></span> <span class='ocrx_word' id='word_1_294' title='bbox 1631 2490 1728 2533; x_wconf 89' lang='lat' dir='ltr'><strong>vico</strong></span> <span class='ocrx_word' id='word_1_295' title='bbox 1750 2490 1924 2533; x_wconf 88' lang='lat' dir='ltr'><strong>iacente</strong></span> <span class='ocrx_word' id='word_1_296' title='bbox 1946 2505 1999 2533; x_wconf 88' lang='lat' dir='ltr'><strong>ex</strong></span> <span class='ocrx_word' id='word_1_297' title='bbox 2020 2491 2285 2534; x_wconf 87' lang='lat' dir='ltr'><strong>occidentali</strong></span> 
     </span>
     <span class='ocr_line' id='line_1_33' title="bbox 485 2560 2285 2618; baseline 0 -14"><span class='ocrx_word' id='word_1_298' title='bbox 485 2569 610 2618; x_wconf 89' lang='lat' dir='ltr'><strong>parte</strong></span> <span class='ocrx_word' id='word_1_299' title='bbox 633 2561 830 2604; x_wconf 85' lang='lat' dir='ltr'><strong>eiusdem</strong></span> <span class='ocrx_word' id='word_1_300' title='bbox 853 2560 936 2615; x_wconf 90' lang='lat' dir='ltr'><strong>vicj</strong></span> <span class='ocrx_word' id='word_1_301' title='bbox 965 2561 1096 2603; x_wconf 87' lang='lat' dir='ltr'><strong>quta</strong></span> <span class='ocrx_word' id='word_1_302' title='bbox 1117 2567 1281 2603; x_wconf 89' lang='lat' dir='ltr'><strong>terram</strong></span> <span class='ocrx_word' id='word_1_303' title='bbox 1304 2560 1478 2615; x_wconf 86' lang='lat' dir='ltr'><strong>agnetis</strong></span> <span class='ocrx_word' id='word_1_304' title='bbox 1500 2560 1703 2603; x_wconf 92' lang='lat' dir='ltr'><strong>buchane</strong></span> <span class='ocrx_word' id='word_1_305' title='bbox 2181 2575 2237 2603; x_wconf 86' lang='lat' dir='ltr'><strong>xx</strong></span> <span class='ocrx_word' id='word_1_306' title='bbox 2258 2562 2285 2604; x_wconf 90' lang='lat' dir='ltr'><strong>d</strong></span> 
     </span>
     <span class='ocr_line' id='line_1_34' title="bbox 601 2628 2284 2684; baseline -0.001 -12"><span class='ocrx_word' id='word_1_307' title='bbox 601 2631 716 2672; x_wconf 91' lang='lat' dir='ltr'><strong>Item</strong></span> <span class='ocrx_word' id='word_1_308' title='bbox 750 2631 802 2672; x_wconf 91' lang='lat' dir='ltr'><strong>de</strong></span> <span class='ocrx_word' id='word_1_309' title='bbox 835 2636 952 2671; x_wconf 90' lang='lat' dir='ltr'><strong>terra</strong></span> <span class='ocrx_word' id='word_1_310' title='bbox 983 2629 1137 2671; x_wconf 91' lang='lat' dir='ltr'><strong>thome</strong></span> <span class='ocrx_word' id='word_1_311' title='bbox 1167 2629 1357 2672; x_wconf 85' lang='lat' dir='ltr'><strong>tailzour</strong></span> <span class='ocrx_word' id='word_1_312' title='bbox 1387 2643 1505 2671; x_wconf 92' lang='lat' dir='ltr'><strong>nunc</strong></span> <span class='ocrx_word' id='word_1_313' title='bbox 1527 2628 1744 2683; x_wconf 90' lang='lat' dir='ltr'><strong>Willelmj</strong></span> <span class='ocrx_word' id='word_1_314' title='bbox 1780 2628 1896 2671; x_wconf 91' lang='lat' dir='ltr'><strong>lione</strong></span> <span class='ocrx_word' id='word_1_315' title='bbox 1927 2628 1972 2670; x_wconf 93' lang='lat' dir='ltr'><strong>in</strong></span> <span class='ocrx_word' id='word_1_316' title='bbox 2003 2628 2128 2672; x_wconf 89' lang='lat' dir='ltr'><strong>futhe</strong></span> <span class='ocrx_word' id='word_1_317' title='bbox 2150 2643 2284 2684; x_wconf 91' lang='lat' dir='ltr'><strong>quam</strong></span> 
     </span>
     <span class='ocr_line' id='line_1_35' title="bbox 486 2697 2283 2754; baseline -0.001 -12"><span class='ocrx_word' id='word_1_318' title='bbox 486 2700 708 2742; x_wconf 87' lang='lat' dir='ltr'><strong>inhabitat</strong></span> <span class='ocrx_word' id='word_1_319' title='bbox 733 2699 958 2742; x_wconf 89' lang='lat' dir='ltr'><strong>Iohannes</strong></span> <span class='ocrx_word' id='word_1_320' title='bbox 981 2713 1134 2754; x_wconf 90' lang='lat' dir='ltr'><strong>cromy</strong></span> <span class='ocrx_word' id='word_1_321' title='bbox 2196 2697 2240 2740; x_wconf 88' lang='lat' dir='ltr'><strong>ix</strong></span> <span class='ocrx_word' id='word_1_322' title='bbox 2262 2713 2283 2741; x_wconf 92' lang='grc'>8</span> 
     </span>
    </p>
   </div>
   <div class='ocr_carea' id='block_1_10' title="bbox 599 2768 1062 2812">
    <p class='ocr_par' dir='ltr' id='par_1_13' title="bbox 599 2768 1062 2812">
     <span class='ocr_line' id='line_1_36' title="bbox 599 2768 1062 2812; baseline -0.004 0"><span class='ocrx_word' id='word_1_323' title='bbox 599 2770 786 2812; x_wconf 91' lang='lat' dir='ltr'><strong>Summa</strong></span> <span class='ocrx_word' id='word_1_324' title='bbox 809 2768 941 2810; x_wconf 88' lang='lat' dir='ltr'><strong>huius</strong></span> <span class='ocrx_word' id='word_1_325' title='bbox 963 2783 1018 2810; x_wconf 85' lang='lat' dir='ltr'><strong>xx</strong></span> <span class='ocrx_word' id='word_1_326' title='bbox 1041 2782 1062 2810; x_wconf 89' lang='grc'>8</span> 
     </span>
    </p>
   </div>
   <div class='ocr_carea' id='block_1_11' title="bbox 639 2878 2112 2978">
    <p class='ocr_par' dir='ltr' id='par_1_14' title="bbox 639 2878 2112 2978">
     <span class='ocr_line' id='line_1_37' title="bbox 643 2878 2110 2923; baseline -0.003 -10"><span class='ocrx_word' id='word_1_327' title='bbox 643 2885 658 2899; x_wconf 80' lang='lat'>⁸</span> <span class='ocrx_word' id='word_1_328' title='bbox 678 2881 820 2914; x_wconf 87' lang='lat' dir='ltr'><strong>Gilberti</strong></span> <span class='ocrx_word' id='word_1_329' title='bbox 837 2891 975 2913; x_wconf 89' lang='lat' dir='ltr'><strong>menzes</strong></span> <span class='ocrx_word' id='word_1_330' title='bbox 991 2881 1032 2913; x_wconf 90' lang='lat' dir='ltr'><strong>de</strong></span> <span class='ocrx_word' id='word_1_331' title='bbox 1049 2880 1242 2923; x_wconf 82' lang='lat' dir='ltr'><strong>petfodellis</strong></span> <span class='ocrx_word' id='word_1_332' title='bbox 1602 2881 1625 2916; x_wconf 83' lang='lat'><em>†</em></span> <span class='ocrx_word' id='word_1_333' title='bbox 1644 2879 1817 2912; x_wconf 88' lang='lat' dir='ltr'><strong>Heredum</strong></span> <span class='ocrx_word' id='word_1_334' title='bbox 1834 2878 1948 2922; x_wconf 88' lang='lat' dir='ltr'><strong>gavini</strong></span> <span class='ocrx_word' id='word_1_335' title='bbox 1964 2878 2110 2910; x_wconf 89' lang='lat' dir='ltr'><strong>vischert</strong></span> 
     </span>
     <span class='ocr_line' id='line_1_38' title="bbox 639 2932 2112 2978; baseline -0.002 -11"><span class='ocrx_word' id='word_1_336' title='bbox 639 2938 659 2974; x_wconf 57' lang='grc' dir='ltr'>ζ</span> <span class='ocrx_word' id='word_1_337' title='bbox 676 2936 848 2969; x_wconf 90' lang='lat' dir='ltr'><strong>Vicesimo</strong></span> <span class='ocrx_word' id='word_1_338' title='bbox 866 2936 978 2968; x_wconf 88' lang='lat' dir='ltr'><strong>Primo</strong></span> <span class='ocrx_word' id='word_1_339' title='bbox 996 2936 1114 2978; x_wconf 83' lang='lat' dir='ltr'><strong>Marcij</strong></span> <span class='ocrx_word' id='word_1_340' title='bbox 1136 2945 1215 2976; x_wconf 86' lang='lat'>1593</span> <span class='ocrx_word' id='word_1_341' title='bbox 1235 2934 1440 2967; x_wconf 87' lang='lat' dir='ltr'><strong>Productum</strong></span> <span class='ocrx_word' id='word_1_342' title='bbox 1458 2935 1491 2965; x_wconf 89' lang='lat' dir='ltr'><strong>in</strong></span> <span class='ocrx_word' id='word_1_343' title='bbox 1508 2934 1647 2967; x_wconf 87' lang='lat' dir='ltr'><strong>modum</strong></span> <span class='ocrx_word' id='word_1_344' title='bbox 1664 2933 1874 2976; x_wconf 88' lang='lat' dir='ltr'><strong>probationis</strong></span> <span class='ocrx_word' id='word_1_345' title='bbox 1889 2932 2012 2966; x_wconf 83' lang='lat' dir='ltr'><strong>roberti</strong></span> <span class='ocrx_word' id='word_1_346' title='bbox 2037 2955 2046 2965; x_wconf 85' lang='lat'><strong>.</strong></span> <span class='ocrx_word' id='word_1_347' title='bbox 2070 2955 2079 2964; x_wconf 90' lang='lat'>.</span> <span class='ocrx_word' id='word_1_348' title='bbox 2103 2955 2112 2964; x_wconf 91' lang='lat'><em>.</em></span> 
     </span>
    </p>
   </div>
  </div>
 </body>
</html>
