2524 3418
476 329 619 375 [Carta
641 329 910 384 sundacionis
934 333 1013 385 pro
1043 327 1350 371 Anniuersario
1379 325 1564 383 stephani
1593 324 1782 379 Balrony
1969 335 2049 376 119

245 442 474 486 Noueritis
496 459 567 486 me
590 444 754 487 intuitu
787 444 988 487 caritatis
1020 459 1072 487 ac
1105 445 1160 486 ob
1192 444 1407 486 honorem
1440 441 1509 484 dei
1542 438 1863 495 omnipotentis
1895 443 1938 479 et
1971 450 2050 478 sue

244 511 401 554 matris
417 512 750 567 gloriosissione
767 513 965 568 Virginis
983 513 1120 555 marie
1139 512 1339 555 omnium
1358 525 1442 566 que
1460 516 1718 553 sanctorum
1737 515 1780 550 et
1798 505 2051 562 specialiter

243 580 298 622 ob
331 579 545 622 honorem
587 580 705 623 beati
743 580 950 636 stephani
993 579 1352 636 prothomartiris
1392 594 1471 634 pro
1514 579 1658 621 salute
1697 576 1845 619 anime
1878 589 1975 616 mee
2007 580 2050 616 et

243 648 431 691 mariote
455 663 616 704 sponse
639 663 736 692 mee
758 656 1082 704 parentumque
1099 655 1142 691 et
1166 662 1476 691 successorum
1499 653 1752 689 nostrorum
1775 659 1826 686 ac
1850 641 2050 685 omnium

243 717 440 760 fidelium
471 718 782 760 defunctorum
805 718 980 760 dedisse
1003 717 1278 760 concessisse
1302 718 1489 759 Necnon
1513 721 1556 758 et
1578 715 1663 757 hac
1686 717 1891 769 presente
1915 712 2051 754 Carta

244 801 344 829 mea
366 787 656 830 confirmasse
689 786 932 841 capellanis
955 785 1227 841 quotidianis
1249 784 1402 827 diuina
1428 782 1757 826 celebrantibus
1778 780 1891 823 infra
1913 778 2051 821 eccle-

243 856 358 898 siam
373 855 674 911 parochialem
692 855 810 898 beati
827 855 1005 909 nicolaij
1023 854 1148 909 burgi
1167 853 1353 909 predicti
1366 867 1503 895 vnum
1523 849 1878 894 anniuersarium
1893 846 2051 902 viginti

244 923 486 966 solidorum
521 930 758 966 exeuntem
793 923 1026 965 annuatim
1062 929 1104 964 et
1142 923 1383 964 leuandum
1421 936 1499 976 per
1534 920 1758 975 predictos
1795 917 2051 972 capellanos

243 999 322 1035 aut
357 992 556 1047 ipsorum
594 992 877 1034 collectorem
915 992 968 1033 de
998 997 1117 1033 terra
1148 989 1368 1033 Willelmi
1405 988 1680 1031 eddindeach
1720 988 1902 1029 Iacente
1939 984 2052 1026 infra

243 1060 413 1103 dietum
445 1061 634 1115 burgum
667 1074 720 1102 ex
751 1066 877 1114 parte
909 1058 1075 1101 boreali
1106 1057 1192 1100 vici
1225 1057 1466 1112 superioris
1498 1056 1685 1099 ecclesie
1714 1055 1913 1097 eiusdem
1936 1053 2052 1095 inter

243 1135 408 1171 terram
431 1128 644 1170 heredum
677 1129 905 1181 quondum
938 1125 1146 1168 ihoannis
1167 1125 1297 1167 traile
1330 1140 1383 1166 ex
1414 1131 1539 1180 parte
1562 1122 1829 1166 occidentali
1852 1136 1905 1164 ex
1926 1127 2051 1176 parte

242 1210 331 1239 vna
363 1202 406 1238 et
435 1202 600 1238 terram
637 1195 851 1238 heredum
884 1195 1109 1249 quondam
1145 1193 1333 1236 valende
1371 1194 1568 1248 skynnar
1601 1207 1654 1234 ex
1685 1197 1811 1246 parte
1845 1189 2051 1232 orientali

243 1264 445 1320 partibus
466 1279 519 1306 ex
541 1264 682 1307 altera
705 1265 894 1306 Necnon
917 1262 1163 1318 capellanis
1189 1261 1416 1317 perpetuis
1437 1260 1637 1303 fundatis
1660 1259 1870 1302 altarium
1893 1258 2051 1313 glorio-

243 1331 420 1374 sissime
442 1338 485 1374 et
508 1333 637 1375 beate
659 1331 798 1374 marie
821 1331 1019 1387 Virginis
1041 1337 1084 1373 et
1108 1330 1252 1373 sancti
1274 1329 1452 1384 nicolaij
1485 1329 1753 1371 situatorum
1786 1327 1831 1369 in
1863 1326 2053 1369 ecclesia

243 1400 471 1442 antedicta
491 1415 629 1442 vnum
652 1415 853 1443 annuum
875 1399 1099 1442 redditum
1123 1414 1200 1441 sex
1229 1398 1472 1441 solidorum
1500 1397 1637 1439 michi
1660 1396 1860 1439 debitum
1884 1410 2052 1437 annua-

242 1469 324 1512 tim
342 1475 385 1512 et
408 1476 645 1512 exeuntem
669 1471 722 1512 de
744 1476 862 1512 terra
886 1470 967 1511 ade
991 1469 1192 1511 crafurde
1224 1469 1407 1510 Iacente
1434 1466 1549 1508 infra
1576 1466 1747 1508 dictum
1777 1466 1968 1519 burgum
2001 1479 2054 1505 ex

242 1543 369 1592 parte
404 1537 570 1580 boreali
605 1537 692 1580 vici
730 1537 969 1592 superioris
1006 1536 1193 1579 ecclesie
1235 1536 1351 1578 inter
1391 1542 1558 1577 terram
1601 1533 1806 1589 magistri
1843 1532 2053 1575 iohannis

243 1606 416 1650 Cadiou
448 1621 502 1649 ex
537 1613 664 1662 parte
700 1606 966 1661 occidentalj
1001 1621 1054 1648 ex
1086 1611 1212 1660 parte
1244 1619 1332 1646 vna
1369 1610 1412 1646 et
1444 1610 1610 1646 terram
1650 1601 1869 1644 Iohannis
1905 1600 2054 1643 litstar

242 1675 320 1730 filij
353 1675 535 1718 eduardi
572 1690 626 1718 ex
656 1682 782 1730 parte
815 1674 1020 1717 orientali
1053 1673 1254 1729 partibus
1287 1687 1341 1715 ex
1372 1672 1514 1714 altera
1545 1672 1601 1714 ad
1633 1669 1954 1713 inueniendum
1977 1682 2053 1711 an-

243 1744 417 1786 nuatim
440 1744 588 1787 oleum
611 1743 895 1799 lampadibus
917 1743 1138 1786 dictorum
1161 1741 1371 1785 altarium
1405 1741 1647 1783 leuandum
1670 1753 1748 1795 per
1770 1738 2052 1794 capellanum

243 1819 507 1868 perpetuum
530 1812 684 1856 altaris
708 1812 852 1856 sancti
871 1811 1079 1867 stephani
1097 1809 1457 1866 prothomartiris
1475 1808 1630 1851 situati
1653 1808 1698 1850 in
1721 1807 1842 1850 dicta
1864 1805 2054 1849 ecclesia

242 1888 286 1924 et
303 1888 542 1937 patronum
561 1881 761 1924 eiusdem
780 1880 853 1935 qui
872 1895 951 1935 pro
969 1886 1170 1935 tempore
1191 1879 1355 1922 fuerint
1373 1878 1703 1933 imperpetuum
1722 1877 2052 1920 obseruandum

241 1951 486 1993 tenendum
529 1956 572 1992 et
607 1949 941 2005 percipiendum
974 1954 1121 1991 totum
1163 1953 1207 1990 et
1249 1947 1474 2002 integrum
1507 1944 1864 1988 anniuersarium
1895 1942 2054 1998 viginti

243 2018 486 2061 solidorum
523 2024 566 2061 et
604 2032 804 2060 annuum
841 2016 1064 2059 redditum
1102 2030 1179 2058 sex
1215 2015 1459 2058 solidorum
1502 2014 1784 2070 supradictos
1820 2027 1922 2056 curn
1959 2027 2054 2067 per-

240 2087 450 2130 tinenciis
473 2086 605 2129 dictis
627 2085 873 2142 capellanis
895 2092 938 2128 et
969 2083 1303 2127 successoribus
1336 2083 1429 2126 suis
1461 2083 1507 2125 in
1539 2097 1698 2138 puram
1722 2088 1765 2124 et
1789 2086 2053 2136 perpetuam

241 2155 525 2198 elimosinam
558 2170 584 2198 a
616 2170 687 2197 me
720 2162 763 2197 et
796 2154 1033 2197 heredibus
1066 2153 1178 2195 meis
1211 2159 1253 2195 et
1286 2152 1398 2194 meis
1435 2150 1679 2206 assignatis
1716 2150 2054 2205 quibuscunque

242 2239 345 2267 cum
382 2224 504 2267 omni
542 2225 644 2266 Iure
681 2230 724 2265 et
763 2223 879 2265 Iuris
916 2223 1089 2265 clameo
1127 2236 1178 2264 ac
1216 2221 1424 2263 omnibus
1460 2227 1504 2262 et
1542 2219 1731 2274 singulis
1772 2218 2054 2261 libertatibus

243 2292 638 2336 commoditatibus
670 2298 713 2334 et
746 2291 1026 2334 aisiamentis
1058 2305 1109 2333 ac
1144 2289 1283 2332 Iustis
1314 2288 1603 2344 pertinenciis
1627 2288 1966 2343 quibuscunque
1999 2289 2053 2329 ad

242 2360 412 2403 dictum
454 2359 811 2404 anniuersarium
861 2359 1018 2415 vigintj
1073 2358 1316 2401 solidorum
1368 2363 1411 2400 et
1457 2372 1658 2400 annuum
1710 2357 1933 2400 redditum
1977 2371 2054 2398 sex

244 2429 486 2472 solidorum
508 2444 611 2472 cum
643 2428 931 2484 pertinenciis
960 2427 1270 2483 spectantibus
1303 2441 1380 2469 seu
1415 2428 1539 2469 Iuste
1574 2432 1777 2481 spectare
1799 2426 2054 2468 valentibus

243 2497 573 2551 quomodolibet
596 2497 641 2539 in
662 2498 863 2540 futurum
886 2497 1021 2539 libere
1039 2502 1082 2538 et
1101 2495 1248 2550 quiete
1271 2494 1467 2550 plenarie
1485 2494 1656 2550 integre
1675 2494 1920 2537 honorifice
1942 2494 2054 2536 bene

243 2572 287 2608 et
310 2565 355 2608 in
377 2581 486 2621 pace
507 2566 552 2608 in
575 2566 782 2609 omnibus
799 2572 842 2608 et
865 2580 943 2621 per
964 2564 1115 2608 omnia
1133 2564 1228 2606 sine
1246 2563 1396 2618 aliqua
1412 2563 1705 2605 reuocacione
1727 2560 2054 2605 reclamacione

244 2641 321 2677 aut
344 2635 695 2678 contradictione
718 2634 805 2677 mei
827 2635 898 2677 uel
921 2634 1135 2676 heredum
1154 2647 1354 2675 meorum
1374 2638 1450 2674 aut
1473 2631 1662 2674 aliorum
1686 2644 2054 2686 quorumcunque

243 2703 424 2746 nomine
446 2710 598 2746 nostro
620 2704 691 2746 uel
714 2718 767 2746 ex
789 2709 915 2759 parte
946 2709 1100 2745 nostra
1131 2701 1233 2744 inde
1264 2700 1480 2743 faciendis
1513 2700 1880 2755 qualitercunque
1912 2699 1957 2740 in
1988 2699 2053 2741 fu-

241 2778 393 2815 turum
414 2772 616 2815 faciendo
640 2773 750 2815 Inde
772 2772 878 2815 dicti
901 2770 1122 2827 capellani
1140 2770 1213 2825 qui
1236 2784 1314 2825 pro
1336 2776 1536 2825 tempore
1552 2768 1716 2811 fuerint
1740 2767 1973 2810 annuatim
1998 2767 2052 2808 ad

243 2840 412 2883 dictum
436 2841 575 2883 altare
598 2840 741 2883 sancti
769 2840 975 2896 stephani
997 2840 1042 2881 in
1065 2839 1252 2882 sabbato
1279 2837 1478 2893 proxime
1504 2844 1605 2892 post
1627 2837 1791 2878 festum
1815 2835 2052 2890 epiphanie

242 2907 410 2952 domini
426 2922 564 2952 vnum
586 2908 770 2964 placebo
793 2915 836 2951 et
858 2908 997 2963 dirige
1014 2923 1116 2951 cum
1140 2914 1247 2949 nota
1269 2913 1312 2948 et
1334 2920 1472 2950 vnum
1489 2905 1718 2961 trigintale
1742 2918 1934 2959 sequens
1956 2904 2052 2946 sine
