2524 3418
668 265 881 307 Fundatio
911 264 1100 321 Angnsii
1128 264 1357 307 adanzsoun
1387 263 1608 320 capellanis
1638 264 1753 306 chori
2067 267 2120 320 85

297 378 495 434 presenti
544 386 666 423 carte
713 395 811 423 mee
853 379 1060 436 Sigillum
1108 394 1258 423 meum
1302 386 1345 423 et
1391 379 1549 435 Sigilla
1591 379 1879 434 prouidorum
1922 380 2117 424 virorum

298 449 518 493 Willelmi
550 450 753 494 blinseile
785 457 828 494 et
860 452 1036 494 Andree
1069 451 1218 494 cullan
1250 452 1439 494 duorum
1465 449 1735 494 balliuorum
1767 449 1872 505 dictj
1908 451 2034 506 burgj
2067 466 2118 494 ac

298 521 506 564 datorum
544 521 692 564 Sasine
729 536 980 565 annuorum
1019 521 1294 565 Reddituum
1331 527 1670 577 prenotatorum
1704 519 1848 563 eidem
1886 521 2119 576 capellano

300 597 404 634 sunt
442 607 642 647 appensa
678 592 739 635 ix0
770 593 839 636 die
873 592 1041 636 mensis
1074 592 1283 637 Octobris
1314 593 1446 635 Anno
1478 591 1647 635 domini
1689 590 1928 633 millesimo
1971 592 2120 647 Quad-

299 660 622 717 ringentesimo
675 664 996 719 Octuagesimo
1049 665 1185 707 Sexto
1238 665 1402 708 Coram
1444 662 1644 718 prouidis
1685 668 1728 705 et
1770 661 1974 704 honestis
2014 661 2121 704 viris

299 732 552 776 Alexandro
586 735 687 776 Mar
722 734 902 777 domino
937 734 1071 778 dauid
1103 735 1250 779 Waus
1290 733 1456 777 vicario
1489 734 1542 776 de
1574 733 1700 776 banff
1738 732 1941 775 Iohanne
1974 733 2121 776 Waus

299 800 552 844 Alexandro
581 803 678 845 Red
704 804 882 846 Andrea
908 804 1104 848 branche
1136 804 1326 860 gilberto
1348 804 1495 848 Waus
1529 802 1680 846 Dauid
1714 802 1914 845 Menzeis
1947 801 2121 845 seniore

300 870 533 914 Willelmo
565 872 727 928 kyntor
758 873 947 929 gilberto
985 875 1168 917 chamer
1205 890 1356 917 marco
1392 881 1488 918 scot
1527 873 1836 930 Burgensibus
1868 873 2121 917 Alexandro

300 940 354 982 de
396 954 574 985 camera
616 942 801 986 moricio
847 944 986 988 bisset
1033 944 1268 987 seriiandis
1313 959 1364 987 ac
1406 943 1588 987 domino
1631 944 1834 988 Iohanne
1877 943 2123 1000 Stirueling

302 1011 490 1054 Notario
515 1012 700 1056 Publico
723 1015 788 1057 &c

418 1083 607 1127 Summa
629 1083 762 1128 huius
784 1083 1032 1141 capellanie
1055 1099 1157 1128 cum
1180 1083 1383 1140 primeua
1404 1082 1672 1128 fundacione
1693 1098 1721 1127 x
1743 1098 1865 1128 marc
1886 1083 1928 1140 vj
1947 1085 1974 1128 d

1102 1306 1329 1349 XLVIII.

301 1398 516 1441 Fundano
545 1399 734 1455 Angnsij
764 1399 991 1441 adamsoan
1025 1399 1246 1455 capellanis
1280 1397 1395 1440 chori
1430 1396 1522 1452 dz'nj
1555 1395 1730 1452 nicolaij
1765 1396 1812 1438 de
1847 1395 2040 1438 ahirdene
2070 1397 2126 1438 acl

476 1470 608 1512 altare
650 1470 797 1512 Sancti
836 1469 1048 1512 michaelis
1089 1469 1136 1512 in
1176 1469 1316 1511 eadem
1357 1467 1522 1510 ecclesia
1562 1467 1609 1508 cle
1649 1465 1752 1521 xxxj
1790 1466 1933 1508 solidis
1969 1470 2006 1508 et
2041 1471 2125 1508 octo

477 1540 660 1582 denariis
696 1539 988 1582 distribuendis
1017 1543 1094 1595 per
1128 1539 1386 1595 capellanum
1426 1536 1574 1579 altaris
1609 1535 1742 1578 sancti
1773 1535 1984 1578 michaelis
2019 1535 2127 1578 inter

477 1611 705 1667 capellanos
736 1610 850 1666 clzorj
881 1609 973 1666 dinj
1002 1609 1176 1665 nicolaij
1207 1609 1254 1651 de
1285 1608 1478 1651 abirdene

418 1706 669 1749 MNIBUS
698 1705 816 1748 hanc
843 1706 1029 1748 Cartam
1054 1703 1218 1746 visuris
1243 1703 1313 1746 vel
1343 1700 1562 1745 audituris
1593 1699 1821 1755 Angusius
1850 1700 2126 1743 adamesoun

475 1776 710 1831 burgensis
751 1776 878 1831 burgi
919 1776 973 1818 de
1008 1774 1231 1818 Abirdene
1268 1773 1461 1816 salutem
1503 1772 1549 1815 in
1586 1771 1767 1815 domino
1805 1770 2126 1826 sempiternam

305 1845 470 1889 Sciatis
493 1861 564 1889 me
587 1861 689 1889 cum
713 1860 936 1889 consensu
958 1852 1001 1888 et
1028 1860 1217 1889 assensu
1247 1843 1467 1888 carissimi
1491 1842 1578 1886 mei
1601 1842 1778 1899 nepotis
1803 1842 2020 1885 Iohannis
2046 1843 2124 1898 filij

305 1915 523 1959 Iohannis
554 1917 831 1959 adamesoun
860 1915 1037 1958 heredis
1066 1915 1154 1958 mei
1184 1914 1444 1971 apparentis
1476 1912 1652 1956 dedisse
1682 1911 1960 1955 concessisse
1987 1912 2127 1967 assig-

304 2001 438 2029 nasse
472 1992 515 2029 et
552 1987 638 2030 hac
669 1986 866 2042 presenti
898 1993 1023 2029 carta
1052 2001 1153 2029 mea
1179 1985 1471 2029 confirmasse
1503 1984 1586 2027 deo
1618 1989 1661 2025 et
1694 1981 1954 2026 beatissime
1988 1982 2126 2025 marie

302 2056 464 2112 virgini
505 2056 601 2099 eius
642 2055 847 2112 genitrici
889 2062 933 2099 et
975 2056 1184 2099 omnibus
1231 2054 1402 2098 sanctis
1443 2067 1495 2097 ac
1537 2052 1669 2096 altari
1721 2051 1840 2095 beati
1893 2051 2128 2094 michaelis

304 2126 563 2182 archangeli
595 2126 763 2170 situato
785 2126 830 2168 in
853 2126 1044 2169 ecclesia
1075 2125 1323 2181 parochiali
1345 2123 1464 2168 beati
1487 2122 1666 2178 nicolaij
1701 2121 1830 2177 burgi
1862 2121 2050 2176 predicti
2084 2127 2126 2164 et

305 2197 538 2252 capellano
572 2197 737 2241 ibidem
767 2197 920 2240 diuina
955 2196 1200 2240 celebranti
1232 2202 1275 2238 et
1307 2209 1386 2251 pro
1419 2199 1635 2250 perpetuo
1665 2192 1943 2236 celebraturo
1975 2193 2126 2234 Vnum

305 2284 505 2313 annuum
531 2269 756 2313 redditum
777 2268 1136 2325 vigintiquinque
1159 2267 1403 2310 solidorum
1424 2264 1594 2309 vsualis
1617 2269 1796 2307 monete
1819 2263 2061 2305 leuandum
2085 2268 2128 2304 et

305 2341 527 2384 exiturum
551 2341 787 2384 annuatim
810 2342 864 2384 de
886 2341 1081 2396 quadam
1104 2346 1223 2382 terra
1247 2339 1430 2381 Iacente
1459 2351 1513 2379 ex
1541 2342 1668 2392 parte
1695 2333 1861 2378 boreali
1883 2333 1969 2376 vici
1992 2331 2127 2376 castri

305 2410 412 2454 dicti
445 2411 572 2467 burgi
604 2411 721 2454 inter
751 2417 918 2454 terram
950 2409 1167 2453 Iohannis
1199 2409 1304 2452 blak
1325 2423 1378 2451 ex
1399 2413 1526 2463 parte
1559 2404 1765 2449 orientali
1798 2419 1851 2447 ex
1882 2409 2009 2459 parte
2040 2417 2129 2446 vna

305 2488 349 2524 et
381 2488 548 2526 terram
581 2484 808 2538 quondam
842 2481 1026 2536 Robertj
1062 2482 1115 2524 de
1147 2480 1354 2524 buchane
1380 2493 1433 2521 ex
1458 2483 1584 2533 parte
1617 2473 1885 2520 occidentali
1918 2488 1971 2516 ex
2002 2479 2128 2528 parte

307 2551 449 2595 altera
480 2553 545 2595 Ac
576 2566 714 2595 vnum
747 2566 947 2596 annuum
980 2550 1205 2595 redditum
1238 2564 1316 2592 sex
1350 2548 1594 2591 solidorum
1630 2552 1674 2589 et
1707 2551 1808 2589 octo
1842 2543 2127 2587 denariorum

306 2620 530 2664 exiturum
556 2622 699 2666 eciam
732 2622 967 2666 annuatim
1000 2623 1054 2665 de
1086 2622 1280 2677 quadam
1307 2626 1426 2663 terra
1456 2620 1641 2662 Iacente
1672 2617 1717 2659 in
1749 2617 1794 2672 ly
1815 2615 2021 2659 buthraw
2041 2613 2126 2669 vicj

305 2692 533 2735 furcarum
566 2693 673 2736 dicti
703 2693 831 2749 burgi
857 2694 974 2736 inter
996 2699 1162 2735 terram
1197 2690 1414 2747 Stephanj
1451 2689 1684 2732 Iohnsoun
1707 2702 1760 2730 ex
1781 2692 1908 2742 parte
1942 2684 2128 2728 australi

307 2777 361 2805 ex
377 2768 504 2817 parte
522 2778 609 2807 vna
627 2770 670 2806 et
687 2770 854 2807 terram
879 2763 1097 2806 Iohannis
1115 2764 1168 2806 de
1187 2762 1349 2818 kyntor
1366 2775 1419 2803 ex
1435 2766 1562 2816 parte
1585 2757 1751 2803 boreali
1769 2771 1822 2799 ex
1838 2762 1965 2811 parte
1988 2755 2130 2798 altera

307 2833 380 2888 quj
422 2833 557 2889 annuj
596 2834 797 2878 redditus
833 2834 1021 2890 predicti
1058 2849 1106 2876 se
1144 2833 1390 2876 extendunt
1427 2832 1483 2874 ad
1520 2843 1746 2873 summam
1782 2826 1968 2882 triginta
1998 2825 2129 2868 vnius

307 2903 550 2947 solidorum
585 2911 627 2947 et
661 2912 762 2949 octo
799 2905 1084 2948 denariorum
1106 2904 1363 2946 ‹Tenendos
1400 2909 1443 2945 et
1481 2901 1712 2944 habendos
1744 2904 1787 2941 et
1820 2895 2130 2953 percipiendos
