2524 3418
679 283 811 326 Carta
843 284 992 326 Thome
1023 285 1070 325 de
1102 285 1281 326 Camem
1311 285 1358 326 de
1389 286 1582 327 murtlzile
1980 302 2033 344 53

222 395 352 450 altarj
386 402 430 439 et
463 397 538 439 vni
570 398 801 453 capellano
835 398 1006 442 Ibidem
1031 405 1079 441 ut
1105 399 1381 454 premittitur
1413 400 1653 455 celebrantj
1687 417 1764 456 pro
1797 402 2035 447 animabus

224 466 492 520 supradictis
523 474 571 510 ut
605 468 878 523 premittitur
909 469 1152 524 celebrantj
1188 484 1266 524 pro
1299 469 1535 513 animabus
1568 471 1836 525 supradictis
1870 475 2036 528 Imper-

224 541 408 589 petuum
453 538 505 578 In
546 551 704 591 puram
742 544 784 580 et
822 544 1084 592 perpetuam
1129 538 1428 581 Elimosinam
1465 540 1588 582 Adeo
1625 539 1760 583 libere
1804 548 1846 584 et
1889 542 2036 596 quiete

224 604 420 659 plenarie
454 607 632 662 Integre
664 614 707 650 et
740 608 981 650 honorifice
1014 610 1124 651 bene
1157 615 1200 651 et
1233 608 1277 651 in
1310 624 1420 664 pace
1450 609 1564 652 sicut
1597 610 1748 665 aliqua
1786 611 2037 655 Elimosina

224 673 337 718 infra
388 676 555 719 dictam
604 678 840 721 ecclesiam
883 679 1185 733 parochialem
1228 679 1334 722 dicti
1376 681 1502 735 burgj
1542 680 1722 724 liberius
1763 683 1896 725 datur
1936 698 2037 726 con-

225 744 397 788 ceditur
430 761 508 789 seu
544 746 588 789 in
625 763 783 803 puram
821 748 1122 791 Elimosinam
1160 749 1413 804 possidetur
1444 751 1539 794 sine
1576 765 1841 807 quacunque
1879 754 2037 797 Recla-

225 815 427 859 macione
470 817 782 861 Reuocacione
826 825 904 862 aut
946 819 1299 862 contradictione
1341 820 1428 862 mei
1470 821 1539 864 vel
1581 822 1794 865 heredum
1837 837 2036 866 meorum

223 892 301 929 aut
336 886 524 930 aliorum
562 903 930 944 quorumcunque
966 890 1147 932 nomine
1183 897 1336 933 nostro
1372 891 1441 933 vel
1485 906 1537 934 ex
1574 898 1701 947 parte
1742 899 1895 936 nostra
1936 893 2038 937 inde

223 957 517 1011 quouismodo
556 959 718 1002 futuris
763 959 1039 1015 temporibus
1078 960 1282 1004 facienda
1325 961 1461 1004 Saluo
1502 968 1680 1005 tantum
1723 963 1859 1005 michi
1901 963 2039 1007 libero

222 1032 480 1071 tenemento
511 1028 733 1072 dictarum
766 1036 957 1085 quatuor
987 1044 1241 1073 marcarum
1274 1045 1354 1085 pro
1385 1038 1481 1073 toto
1512 1038 1712 1087 tempore
1733 1033 1824 1075 vite
1852 1048 1948 1076 mee
1978 1036 2038 1077 Et

223 1098 340 1151 quod
362 1098 643 1152 presentacio
665 1099 771 1154 dictj
797 1099 1016 1155 capellani
1039 1099 1175 1142 michi
1198 1107 1240 1142 et
1264 1100 1501 1143 heredibus
1531 1101 1642 1143 meis
1664 1102 1869 1156 quotiens
1891 1103 2038 1158 ipsum

223 1168 507 1222 capellanum
540 1171 696 1212 cedere
726 1170 796 1212 vel
829 1171 1042 1213 decedere
1075 1170 1312 1225 contigerit
1346 1172 1598 1213 Remaneat
1631 1171 1766 1214 libere
1803 1173 2038 1227 disponen-

223 1239 280 1281 da
313 1239 374 1281 Et
409 1239 445 1281 si
478 1240 591 1282 forte
624 1242 723 1296 Ego
750 1241 820 1284 vel
850 1241 1035 1284 heredes
1068 1241 1154 1296 mej
1190 1247 1289 1295 post
1318 1241 1606 1284 vacacionem
1639 1242 1756 1284 dicte
1793 1243 2038 1297 capellanie

223 1321 312 1349 non
345 1308 561 1352 fuerimus
593 1309 660 1352 vsi
694 1311 797 1353 Iure
833 1310 1188 1366 presentacionis
1218 1310 1350 1353 vnius
1387 1311 1607 1366 capellani
1638 1312 1800 1368 ydonei
1833 1315 1888 1356 ad
1919 1313 2036 1357 idem

222 1376 364 1419 altare
384 1384 432 1421 vt
453 1378 730 1434 premittitur
758 1380 1025 1423 Celebrandi
1051 1380 1165 1423 infra
1186 1379 1343 1436 vigintj
1368 1395 1505 1423 vnum
1535 1380 1630 1424 dies
1659 1382 1860 1436 proximo
1883 1390 1925 1426 et
1951 1385 2037 1426 Im-

223 1447 417 1490 mediate
448 1455 687 1504 sequentes
707 1450 808 1492 volo
830 1456 873 1493 et
896 1450 1086 1493 fideliter
1113 1450 1327 1505 promitto
1350 1452 1467 1505 quod
1489 1451 1743 1506 prepositus
1769 1452 1874 1507 dictj
1909 1454 2035 1508 burgj

222 1516 297 1571 qui
329 1532 409 1572 pro
444 1524 647 1574 tempore
676 1519 809 1562 fuerit
840 1534 1033 1563 vnacum
1066 1520 1391 1563 deliberacione
1429 1521 1586 1576 secretj
1627 1521 1798 1577 consilij
1838 1523 2036 1566 eiusdem

223 1587 386 1631 habeat
423 1589 477 1631 de
513 1596 661 1632 cetero
702 1590 882 1645 plenam
918 1590 1180 1633 facultatem
1217 1590 1360 1633 eidem
1399 1590 1540 1633 altare
1575 1605 1712 1633 vnum
1754 1592 2037 1646 capellanum

221 1658 445 1712 ydoneum
483 1659 614 1714 pleno
652 1661 755 1703 Iure
791 1667 1050 1715 presentare
1081 1662 1146 1703 Ac
1179 1660 1449 1716 quaquidem
1488 1661 1826 1716 presentacione
1862 1669 1905 1705 et
1942 1663 2038 1706 eius

224 1729 325 1771 Iure
358 1744 439 1785 ego
468 1736 511 1772 et
540 1731 726 1774 heredes
754 1731 840 1786 mej
872 1731 1035 1775 abhinc
1064 1731 1205 1774 simus
1233 1731 1413 1787 penitus
1441 1738 1484 1774 et
1514 1731 1696 1775 omnino
1726 1733 1893 1775 exclusi
1916 1734 1977 1776 Et
2001 1734 2037 1776 si

223 1799 360 1854 aliqui
383 1800 596 1843 heredum
614 1815 815 1844 meorum
838 1801 1005 1845 dictam
1029 1816 1254 1844 summam
1285 1808 1477 1857 quatuor
1505 1816 1760 1845 marcarum
1783 1802 1828 1844 in
1849 1809 1945 1845 toto
1967 1804 2036 1845 vel

221 1869 267 1911 in
290 1878 415 1925 parte
437 1886 464 1914 a
485 1871 605 1915 dicto
637 1872 871 1928 capellano
903 1872 1171 1916 subtraxerit
1204 1872 1337 1915 liceat
1370 1872 1550 1915 domino
1583 1872 1821 1916 diocesano
1853 1872 1927 1927 qui
1959 1887 2037 1928 pro

222 1946 422 1996 tempore
454 1942 586 1986 fuerit
623 1944 950 1986 subtractorem
988 1943 1229 1986 autoritate
1266 1958 1347 1986 sua
1385 1943 1654 1998 compellare
1685 1949 1728 1986 et
1760 1942 1921 1985 Anime
1958 1958 2037 1986 sue

221 2011 467 2066 periculum
499 2027 638 2068 Vsque
671 2014 726 2056 ad
758 2013 938 2069 plenam
976 2013 1251 2056 solucionem
1290 2013 1407 2056 dicte
1445 2028 1620 2056 summe
1655 2012 1907 2056 faciendam
1940 2027 2036 2067 pro-

221 2082 345 2138 sequj
390 2089 433 2126 et
475 2083 739 2139 distringere
790 2099 892 2127 cum
944 2085 1105 2127 effectu
1146 2085 1215 2127 Ad
1257 2099 1392 2139 quam
1439 2083 1714 2126 solucionem
1758 2082 1949 2126 fideliter
1987 2090 2036 2125 ut

221 2154 438 2208 prefertur
461 2154 713 2198 faciendam
743 2155 838 2198 sine
859 2155 1014 2198 fraude
1042 2155 1204 2210 Obligo
1234 2169 1305 2197 me
1334 2161 1377 2197 et
1407 2154 1593 2197 heredes
1625 2169 1749 2196 meos
1781 2152 2036 2196 successiue

220 2230 363 2268 terras
384 2231 427 2268 et
449 2225 682 2268 Vniuersas
713 2226 1021 2281 possessiones
1053 2233 1230 2268 nostras
1259 2225 1437 2269 habitas
1459 2232 1503 2268 et
1526 2225 1756 2267 habendas
1787 2231 1881 2266 tam
1916 2224 2036 2266 Infra

220 2297 410 2351 burgum
443 2311 578 2351 quam
611 2303 736 2340 extra
771 2297 864 2340 fore
895 2296 1226 2352 distringendos
1257 2311 1335 2352 per
1367 2296 1643 2351 Episcopum
1681 2294 2035 2337 Abirdonensem

221 2367 295 2422 qui
332 2381 411 2422 pro
447 2373 648 2423 tempore
683 2367 814 2411 fuerit
851 2374 894 2410 et
926 2367 1203 2423 prepositum
1241 2369 1294 2410 de
1330 2367 1552 2410 Abirdene
1588 2381 1727 2421 vsque
1763 2366 1819 2408 ad
1856 2364 2035 2420 plenam

221 2437 495 2480 solucionem
525 2439 721 2481 fiendam
750 2438 922 2494 prefato
946 2438 1192 2494 Capellano
1215 2439 1268 2480 de
1291 2452 1470 2480 summa
1499 2442 1759 2492 expressata
1790 2435 2036 2490 Infringen-

220 2515 289 2552 tes
311 2523 389 2552 seu
411 2509 457 2551 in
480 2509 628 2563 aliquo
659 2509 959 2565 Infringentes
986 2515 1240 2564 presentem
1271 2523 1418 2551 meam
1441 2507 1774 2550 ordinacionem
1802 2505 2035 2549 dacionem

222 2579 558 2622 concessionem
577 2586 620 2622 et
637 2579 894 2623 huiusmodi
918 2580 1168 2622 Elimosine
1190 2579 1586 2622 confirmacionem
1610 2577 1850 2621 autoritate
1867 2575 2035 2618 domini

221 2650 362 2692 nostri
386 2650 521 2693 Ihesu
539 2650 694 2693 christi
712 2650 910 2694 crucifixi
927 2658 971 2693 et
989 2649 1311 2705 omnipotentis
1333 2649 1402 2692 dei
1421 2665 1472 2692 ac
1491 2655 1647 2692 sancte
1670 2647 1828 2690 matris
1850 2645 2037 2689 ecclesie

220 2727 263 2763 et
287 2727 457 2776 quanta
479 2721 778 2764 committitur
799 2722 997 2764 humane
1020 2723 1235 2765 Creature
1252 2722 1308 2763 ad
1326 2720 1686 2763 maledicendum
1710 2717 2038 2760 maledicantur

220 2798 264 2835 et
298 2793 431 2835 Illam
463 2792 826 2836 maledictionem
859 2808 994 2848 quam
1027 2799 1154 2848 pater
1186 2793 1267 2835 sub
1300 2807 1381 2834 sua
1413 2796 1637 2846 potestate
1669 2789 1804 2831 habet
1827 2787 1872 2829 in
1894 2786 2035 2828 filium

221 2877 390 2905 merere
410 2862 592 2905 valeant
624 2862 819 2918 recipere
841 2869 884 2906 et
907 2862 1134 2918 possidere
1157 2864 1218 2904 Et
1241 2876 1322 2917 ego
1348 2862 1548 2917 prefatus
1579 2860 1760 2903 thomas
1782 2859 1836 2901 de
1859 2870 2037 2899 camera

220 2938 264 2975 et
286 2932 472 2975 heredes
498 2931 584 2987 mej
619 2932 764 2976 dictas
796 2938 988 2988 quatuor
1019 2932 1195 2976 marcas
1216 2937 1265 2974 ut
1287 2931 1557 2987 premissum
1580 2935 1647 2972 est
1670 2928 1789 2972 dicto
1821 2926 1950 2982 altarj
1977 2927 2037 2968 Et
