2524 3418
844 346 1062 389 Fundacio
1094 346 1292 403 Stephani
1322 347 1369 389 de
1400 347 1604 402 Balcronj
2045 361 2125 404 115

317 466 620 504 memorantes
652 460 850 504 animam
884 476 1031 505 meam
1054 461 1099 504 in
1123 461 1260 505 missa
1292 477 1394 505 cum
1424 462 1630 506 oracione
1652 469 1701 506 ut
1724 464 1944 507 voluerint
1976 479 2126 508 coram

318 544 494 572 summo
538 530 690 573 Iudice
731 531 998 585 respondere
1040 531 1169 573 Vnde
1211 530 1380 573 dictum
1423 537 1490 573 est
1533 531 1607 586 qui
1654 531 1789 574 sentit
1841 534 2126 575 commodum

318 598 482 640 sentire
515 600 647 640 deum
677 605 720 641 et
750 598 896 640 omnis
929 613 1012 653 que
1045 613 1116 641 res
1148 599 1309 641 transit
1342 614 1443 642 cum
1477 599 1642 642 honere
1676 601 1753 642 Set
1777 600 1812 642 si
1834 600 2027 643 vicarius
2058 602 2127 644 vel

319 667 433 709 alius
471 667 730 721 capellanus
763 668 818 709 ad
851 666 1098 709 matutinas
1131 667 1300 710 scilicet
1338 668 1476 723 dirige
1513 668 1801 723 exequiarum
1835 670 2129 723 personaliter

318 750 406 777 non
438 735 568 777 fuerit
601 741 886 790 presentatus
909 750 960 778 ac
983 735 1125 777 eciam
1159 749 1248 777 non
1275 735 1471 778 existens
1498 736 1543 778 in
1573 736 1708 779 choro
1740 736 1785 778 in
1814 736 1971 780 habitu
1994 752 2019 780 a
2040 738 2129 780 fine

318 818 459 858 usque
483 805 537 845 ad
560 804 694 845 finem
727 803 811 845 Illo
839 809 1040 858 tempore
1062 803 1229 846 carebit
1261 804 1470 858 porcione
1494 819 1574 847 sua
1597 819 1681 859 que
1704 805 1854 860 porcio
1881 807 2127 849 secundum

319 870 633 913 discretionem
665 870 819 913 vicarii
852 877 895 912 et
928 870 1261 925 capellanorum
1294 871 1594 926 predictorum
1617 872 1662 915 in
1688 873 1993 916 celebracione
2025 873 2128 916 mis-

320 953 470 981 sarum
494 953 572 994 pro
595 938 817 981 defunctis
848 938 1084 981 caritatiue
1117 939 1408 982 distribuetur
1439 941 1517 983 Set
1541 940 1577 982 si
1601 941 1762 996 aliquis
1794 942 2128 997 capellanorum

319 1007 363 1049 in
400 1007 469 1049 die
511 1007 614 1049 lune
651 1013 699 1048 ut
736 1006 905 1049 dictum
943 1013 1010 1048 est
1047 1006 1092 1048 in
1127 1007 1345 1061 trigintali
1387 1022 1466 1062 pro
1508 1009 1743 1052 animabus
1785 1009 1830 1052 in
1872 1011 2129 1066 purgatorio

320 1074 619 1129 specificando
651 1074 850 1116 animam
884 1088 1029 1116 meam
1053 1074 1098 1116 in
1122 1074 1311 1117 ecclesia
1343 1076 1588 1130 parochiali
1610 1092 1699 1119 non
1722 1078 2012 1121 celebrauerit
2047 1080 2129 1122 Ille

318 1141 485 1184 carebit
518 1141 726 1196 porcione
760 1157 840 1184 sua
870 1156 954 1196 que
983 1141 1133 1196 porcio
1156 1142 1420 1197 disponatur
1441 1150 1490 1186 ut
1513 1159 1647 1199 supra
1679 1146 1794 1188 Volo
1827 1154 1978 1190 autem
2011 1150 2128 1203 quod

317 1210 463 1264 clericj
500 1210 696 1252 habeant
729 1216 829 1252 octo
861 1210 1068 1252 denarios
1090 1212 1143 1253 de
1165 1210 1296 1253 terris
1320 1212 1537 1254 Iohannis
1559 1213 1637 1255 filii
1669 1214 1822 1257 thome
1845 1222 1887 1258 et
1913 1216 2130 1259 Iohannis

317 1278 463 1333 clericj
499 1293 647 1321 meam
680 1279 914 1333 pulsantes
945 1278 1226 1321 mencionem
1260 1280 1494 1323 annuatim
1518 1281 1562 1323 in
1586 1281 1712 1324 cuius
1734 1283 1794 1338 rej
1819 1284 2129 1328 testimonium

319 1346 514 1401 sigillum
538 1361 688 1389 meum
712 1346 993 1401 presentibus
1016 1352 1083 1389 est
1106 1362 1355 1402 appensum
1379 1354 1422 1390 et
1444 1349 1513 1391 Ad
1536 1349 1750 1392 maiorem
1769 1351 1829 1406 rej
1850 1351 2128 1396 euidenciam

318 1414 513 1469 sigillum
551 1429 790 1457 commune
826 1415 953 1470 burgi
986 1416 1039 1458 de
1072 1416 1294 1458 aberdena
1331 1431 1434 1459 cum
1472 1417 1695 1461 instancia
1732 1435 1816 1474 que
1850 1422 1998 1464 decuit
2032 1437 2129 1477 pro-

317 1483 471 1525 curaui
505 1483 671 1538 pariter
704 1498 806 1526 curn
844 1483 990 1538 sigillo
1023 1486 1186 1527 andree
1219 1485 1415 1528 branche
1446 1485 1578 1529 vnius
1609 1487 1877 1531 balliuorum
1915 1491 2129 1534 antedicti

318 1552 444 1606 burgi
482 1567 532 1594 ac
571 1552 739 1595 datoris
776 1552 924 1595 sasine
962 1553 1125 1608 apponj
1164 1554 1446 1608 presentibus
1488 1555 1705 1611 acquisiuj
1750 1559 1868 1611 apud
1911 1559 2130 1602 aberdene

319 1627 478 1675 quarto
514 1620 584 1663 die
619 1620 786 1663 mensis
818 1621 1025 1676 februarij
1065 1635 1183 1664 anno
1217 1622 1386 1664 domini
1419 1623 1658 1666 millesimo
1690 1626 2130 1681 quadringentesimo

318 1689 549 1744 trigesimo
591 1696 752 1732 octauo
795 1689 1076 1745 presentibus
1118 1690 1311 1732 dominis
1351 1691 1549 1734 villelmo
1591 1693 1729 1736 bouse
1765 1694 1963 1738 villelmo
2000 1696 2130 1739 leitht

319 1758 565 1813 capellanis
599 1758 801 1801 Iohanne
834 1773 960 1813 mayr
990 1758 1147 1801 thoma
1179 1759 1355 1801 blinsell
1385 1766 1428 1802 et
1461 1760 1663 1805 Iohanne
1699 1763 1801 1806 trail
1836 1764 2132 1819 burgensibus

319 1832 362 1868 et
385 1826 625 1869 alexandro
652 1827 850 1881 skynnar
870 1832 978 1869 tunc
1001 1826 1173 1870 bedello
1196 1842 1298 1870 cum
1321 1828 1523 1883 pluribus
1550 1829 1651 1885 alijs
1673 1832 1728 1874 ad
1751 1832 1970 1887 premissa
1993 1834 2131 1889 speci-

319 1895 448 1938 aliter
469 1895 639 1950 rogatis
661 1901 704 1937 et
726 1894 952 1950 requisitis

414 1960 447 2023 {21
495 1966 596 2006 Hoc
629 1970 696 2006 est
727 1978 882 2006 verum
915 1963 1143 2019 exemplar
1164 1965 1423 2021 prmcipalls
1445 1973 1567 2011 carte
1589 1968 1938 2013 collaclonatum
1961 1986 2040 2027 per
2060 1987 2131 2015 me

371 2026 437 2090 {0}
493 2033 718 2077 notarium
751 2033 979 2088 publicum
1013 2028 1314 2090 subscriptum

370 2090 445 2172 ᾆξ’-Ξ
668 2105 739 2146 Ita
781 2110 847 2146 est
890 2103 1105 2159 magister
1147 2104 1374 2148 Iohannes
1422 2107 1639 2163 Kennedy
1679 2109 1881 2152 notarius
1927 2111 2131 2165 publicus

413 2176 434 2232 Ξ
663 2188 800 2217 manu
832 2174 1009 2230 propria

899 2267 927 2308 I
927 2281 955 2309 n
975 2266 1099 2310 Folio
1121 2278 1175 2322 47
1189 2266 1204 2292 1
1224 2267 1334 2311 nihil
1353 2269 1548 2312 scribitur

1139 2407 1309 2451 LXIV.

446 2494 695 2538 MNIBUS
723 2495 879 2538 christi
905 2496 1111 2541 fidelibus
1138 2498 1256 2541 hanc
1286 2501 1470 2543 Cartam
1496 2501 1659 2545 visuris
1685 2503 1755 2546 vel
1785 2504 2003 2548 audituris
2032 2507 2129 2551 Ste-

500 2562 677 2617 phanus
718 2565 771 2607 de
813 2566 1011 2621 balcronj
1055 2567 1288 2622 burgensis
1323 2569 1450 2624 burgj
1494 2571 1547 2613 de
1589 2572 1808 2615 aberdene
1849 2574 2040 2618 salutem
2082 2576 2127 2619 in

317 2629 498 2672 domino
531 2631 851 2686 sempiternam
884 2634 1100 2678 noueritis
1132 2651 1203 2678 me
1225 2636 1270 2678 in
1293 2644 1586 2692 augmentum
1619 2641 1768 2684 cultus
1800 2642 1938 2698 diuinj
1973 2650 2016 2687 et
2048 2660 2126 2700 pro

318 2698 462 2741 salute
495 2699 746 2743 animarum
779 2702 866 2745 mei
899 2709 942 2745 et
975 2704 1163 2746 mariote
1196 2719 1358 2760 sponse
1392 2721 1490 2750 mee
1521 2715 1846 2765 parentumque
1878 2712 2124 2756 amicorum

317 2774 651 2811 antecessorum
684 2771 874 2824 prolium
908 2778 951 2814 et
984 2787 1294 2816 successorum
1328 2781 1581 2819 nostrorum
1611 2792 1662 2820 ac
1692 2779 1892 2822 omniurn
1925 2781 2124 2825 fidelium

316 2836 626 2879 defunctorum
650 2839 825 2882 dedisse
857 2841 1134 2884 concessisse
1157 2857 1209 2885 ac
1232 2850 1438 2897 presente
1461 2852 1585 2889 carta
1607 2861 1708 2890 mea
1730 2849 2020 2892 confirmasse
2042 2852 2125 2894 deo

316 2904 612 2959 omnipotenti
646 2913 689 2948 et
723 2907 818 2949 eius
855 2909 987 2951 matri
1025 2910 1154 2952 beate
1191 2910 1330 2953 marie
1365 2912 1525 2967 virgini
1559 2920 1602 2957 et
1636 2915 1843 2959 omnibus
1877 2918 2046 2961 sanctis
2079 2926 2123 2962 et

316 2973 444 3016 altari
479 2974 597 3016 beati
632 2975 838 3030 stephani
873 2978 1232 3032 prothomartiris
1265 2994 1316 3022 ac
1352 2981 1585 3036 capellano
1621 2983 1791 3026 Ibidem
1827 2984 1978 3029 diuina
2010 2987 2121 3030 cele-

2157 2518 2216 2552 fol.
2231 2519 2270 2554 47
2281 2520 2294 2539 ²
