2524 3418
491 298 546 339 So
1129 294 1255 337 Carta
1286 296 1415 336 dauid
1446 295 1668 349 Symsoune

490 412 727 454 leuandum
752 413 804 453 de
827 418 921 453 tota
943 418 984 452 et
1010 410 1181 464 integra
1196 418 1312 451 terra
1334 411 1557 463 quondam
1579 408 1793 450 Iohannis
1811 409 1955 451 Waus
1976 408 2020 449 in
2037 407 2134 450 vico
2157 408 2290 462 castrj

490 496 541 524 ex
565 481 748 524 australi
772 488 895 535 parte
918 480 1115 522 eiusdem
1138 479 1223 521 vici
1247 479 1361 521 inter
1389 485 1551 521 terram
1579 478 1804 521 alexandri
1827 477 1995 532 scrogis
2016 492 2068 520 ex
2089 477 2293 520 orientali

490 567 541 593 ex
573 566 660 593 vna
692 558 733 593 et
767 558 929 592 terram
963 550 1137 591 Andree
1170 548 1340 590 ancroft
1376 563 1427 590 ex
1464 547 1728 590 occidentali
1762 547 1961 602 partibus
1995 562 2047 589 ex
2081 547 2219 589 altera
2250 552 2293 589 et

490 634 773 662 communem
823 618 938 660 viam
983 617 1150 671 regiam
1193 632 1346 659 versus
1388 618 1700 659 extendentem
1750 618 1805 659 ad
1850 622 2091 658 torrentem
2141 621 2294 658 sancte

491 688 705 729 trinitatis
727 701 880 728 versus
912 693 1113 727 austrum
1146 700 1281 727 vnum
1315 700 1513 728 annuum
1547 686 1766 728 redditum
1800 686 1933 727 trium
1968 685 2208 727 solidorum
2241 685 2295 727 de

490 765 605 798 terra
643 755 782 810 iacobj
822 756 1049 809 kennardy
1081 755 1124 795 in
1157 754 1254 796 vico
1290 754 1415 809 viridj
1456 754 1571 796 inter
1606 761 1770 796 terram
1805 755 1982 809 donaldj
2020 754 2204 796 sclatter
2243 767 2295 795 ex

491 825 644 867 boriali
687 839 739 866 ex
779 838 866 866 vna
908 830 950 866 et
993 830 1156 866 terram
1199 824 1368 878 capelle
1411 825 1538 866 beate
1581 824 1752 866 katrine
1793 824 1976 879 virginis
2017 838 2070 866 ex
2111 823 2295 866 australi

491 894 694 948 partibus
725 907 778 935 ex
810 893 949 935 altera
985 907 1120 934 vnum
1159 907 1356 935 annuum
1394 893 1615 936 redditum
1653 894 1786 936 trium
1823 894 2062 936 solidorum
2095 895 2149 936 de
2180 899 2297 936 terra

491 962 717 1004 alexandri
742 963 842 1016 logy
865 962 908 1003 in
931 962 1028 1004 vico
1050 962 1273 1004 furcarum
1297 963 1412 1005 inter
1437 970 1599 1005 terram
1626 964 1807 1019 Roberti
1831 963 2016 1006 blinsele
2037 978 2090 1005 ex
2112 963 2295 1006 australi

490 1046 542 1073 ex
574 1046 661 1073 vna
684 1039 726 1073 et
750 1038 914 1073 terram
948 1033 1171 1085 quondam
1205 1032 1358 1074 thome
1389 1033 1553 1087 ymlow
1575 1047 1626 1074 ex
1653 1032 1807 1075 boriali
1841 1033 2041 1087 partibus
2072 1047 2125 1075 ex
2156 1033 2297 1075 altera

490 1108 532 1142 et
566 1115 826 1143 communes
858 1100 953 1143 vias
986 1101 1131 1156 regias
1164 1116 1318 1144 versus
1351 1101 1498 1144 oriens
1530 1109 1572 1144 et
1605 1102 1814 1144 occidens
1845 1117 1896 1144 ac
1927 1117 2064 1144 vnum
2098 1116 2296 1145 annuum

491 1170 710 1212 redditum
739 1170 923 1225 triginta
945 1177 1046 1212 octo
1069 1170 1311 1212 solidorum
1334 1171 1501 1213 vsualis
1524 1178 1701 1213 monete
1724 1171 1868 1213 scocie
1891 1171 2123 1214 annuatim
2149 1171 2299 1213 leuan-

490 1242 594 1282 dum
629 1241 682 1282 de
716 1239 824 1281 totis
860 1246 902 1281 et
940 1238 1125 1294 integris
1163 1241 1335 1282 duabus
1371 1240 1500 1282 terris
1542 1240 1653 1282 meis
1688 1241 2004 1283 collateraliter
2042 1240 2299 1283 Iacentibus

490 1310 603 1352 infra
625 1309 793 1351 dictum
818 1310 1005 1364 burgum
1039 1309 1083 1351 in
1115 1309 1212 1352 vico
1235 1310 1437 1352 inferiore
1460 1310 1646 1352 ecclesie
1670 1325 1722 1352 ex
1744 1311 1928 1353 australi
1951 1317 2078 1366 parte
2100 1311 2298 1354 eiusdem

491 1379 574 1421 vici
598 1379 714 1421 inter
740 1387 904 1421 terram
928 1379 1146 1422 Willelmi
1175 1381 1337 1422 andree
1363 1394 1415 1422 ex
1441 1380 1646 1423 orientali
1669 1395 1721 1422 ex
1742 1395 1828 1424 vna
1851 1388 1893 1423 et
1916 1387 2159 1423 torrentem
2183 1395 2300 1423 com-

493 1463 674 1490 munem
698 1448 1054 1490 molendinorum
1085 1448 1282 1490 eiusdem
1313 1449 1437 1504 burgi
1471 1464 1523 1491 ex
1555 1450 1820 1492 occidentali
1853 1450 2052 1505 partibus
2081 1465 2134 1493 ex
2161 1451 2301 1493 altera

492 1518 784 1572 quosquidem
808 1532 980 1560 annuos
1002 1517 1202 1560 redditus
1223 1532 1276 1560 ex
1299 1533 1397 1560 meo
1414 1518 1591 1573 proprio
1610 1526 1855 1574 conquestu
1878 1519 1965 1562 emi
1983 1527 2026 1562 et
2043 1519 2300 1574 recuperaui

491 1587 730 1629 Tenendos
760 1587 988 1629 habendos
1020 1594 1063 1629 et
1096 1587 1388 1641 possidendos
1417 1602 1573 1630 omnes
1601 1595 1644 1630 et
1674 1588 1874 1643 singulos
1901 1603 2075 1632 annuos
2102 1588 2301 1632 redditus

493 1657 746 1699 antedictos
778 1672 879 1699 cum
913 1657 1006 1699 suis
1038 1657 1323 1712 pertinenciis
1355 1658 1525 1712 prefato
1557 1658 1736 1700 domino
1769 1659 1902 1701 dauid
1933 1666 1976 1701 et
2010 1659 2102 1701 suis
2128 1673 2301 1701 succes-

493 1727 665 1769 soribus
688 1726 932 1781 capellanis
961 1727 1188 1781 perpetuis
1216 1727 1414 1769 eiusdem
1444 1742 1470 1770 a
1499 1742 1569 1769 me
1597 1735 1640 1770 et
1670 1728 1906 1771 heredibus
1928 1728 2039 1770 meis
2068 1728 2113 1770 in
2141 1742 2298 1783 puram

492 1811 544 1840 ac
567 1804 827 1851 perpetuam
856 1797 1137 1839 elimosinam
1169 1798 1505 1852 Imperpetuum
1538 1812 1639 1840 cum
1673 1798 1793 1840 omni
1820 1798 1913 1840 iure
1935 1805 1977 1840 et
2000 1797 2107 1840 iuris
2128 1798 2300 1840 clameo

493 1882 544 1910 ac
568 1882 670 1910 cum
693 1867 900 1910 omnibus
932 1874 975 1909 et
1008 1867 1195 1922 singulis
1222 1867 1481 1910 liberatibus
1513 1868 1859 1911 eomoditatibus
1890 1874 1933 1910 et
1965 1867 2227 1910 asiamentis
2248 1881 2300 1910 ac

493 1937 623 1979 iustis
661 1937 754 1979 suis
795 1936 1081 1992 pertinenciis
1113 1937 1450 1992 quibuscunque
1487 1939 1542 1980 ad
1580 1937 1723 1980 dictos
1759 1928 1932 1980 annuos
1967 1937 2166 1980 redditus
2198 1951 2300 1979 curn

494 2006 780 2062 pertinenciis
823 2007 1130 2061 spectantibus
1172 2022 1249 2049 seu
1286 2007 1401 2050 iuste
1439 2015 1641 2062 spectare
1676 2007 1929 2050 valentibus
1970 2006 2301 2062 quomodolibet

493 2077 538 2118 in
569 2077 766 2119 futurum
802 2078 913 2119 adeo
945 2076 1079 2119 libere
1111 2077 1309 2132 plenarie
1345 2077 1516 2133 integre
1550 2078 1791 2121 honorifice
1819 2078 1931 2121 bene
1961 2084 2004 2120 et
2036 2076 2081 2119 in
2115 2091 2225 2132 pace
2256 2075 2301 2117 in

493 2146 702 2189 omnibus
723 2153 766 2188 et
789 2160 867 2201 per
887 2147 1039 2189 omnia
1061 2147 1175 2190 sicut
1199 2147 1360 2202 aliquis
1381 2162 1558 2191 annuus
1574 2148 1774 2191 redditus
1795 2148 1908 2190 infra
1926 2147 2094 2190 dictum
2112 2147 2300 2202 burgum

494 2216 539 2258 in
561 2231 718 2271 puram
741 2223 784 2259 et
807 2223 1069 2272 perpetuam
1093 2217 1374 2261 elimosinam
1397 2219 1529 2261 datur
1550 2218 1807 2261 conceditur
1827 2224 1904 2260 aut
1926 2217 2178 2272 possidetur
2207 2215 2302 2258 sine

494 2286 785 2329 reuocacione
811 2286 1136 2330 reclamacione
1158 2294 1234 2330 aut
1258 2288 1609 2331 contradictione
1636 2288 1817 2343 aliquali
1841 2287 1926 2330 mei
1949 2287 2161 2329 heredum
2184 2300 2302 2329 meo-

495 2370 592 2398 rum
631 2356 960 2410 assignatorum
996 2364 1072 2400 aut
1107 2357 1295 2401 aliorum
1333 2373 1698 2413 quorumcunque
1734 2358 1914 2400 nomine
1950 2363 2102 2400 nostro
2139 2362 2215 2399 aut
2249 2371 2303 2398 ex

495 2433 621 2480 parte
652 2434 805 2468 nostra
835 2426 1051 2469 faciendis
1087 2427 1180 2470 iure
1216 2443 1319 2471 vero
1356 2435 1620 2483 patronatus
1656 2428 1772 2471 dicte
1809 2427 2054 2482 capellanie
2091 2432 2303 2481 perpetue

495 2494 630 2537 michi
649 2502 692 2537 et
715 2496 951 2538 heredibus
973 2497 1085 2539 meis
1106 2497 1332 2552 perpetuis
1353 2498 1630 2552 temporibus
1650 2503 1910 2540 remanente
1933 2497 1993 2538 Et
2016 2496 2051 2538 si
2069 2496 2181 2538 forte
2204 2496 2303 2550 Ego

495 2572 572 2607 aut
595 2565 779 2607 heredes
808 2566 895 2608 mei
925 2574 1024 2620 post
1046 2568 1333 2610 vacacionem
1357 2568 1473 2610 dicte
1496 2568 1742 2622 capellanie
1768 2582 1856 2610 non
1881 2567 1948 2609 vsi
1974 2566 2188 2609 fuerimus
2209 2565 2302 2608 iure

497 2635 846 2688 presentaeionis
881 2636 1012 2678 vnius
1042 2637 1202 2691 ydonei
1239 2637 1457 2692 capellanj
1493 2639 1548 2680 ad
1580 2637 1828 2692 predictum
1863 2637 2004 2680 altare
2039 2633 2302 2679 celebraturi

495 2704 832 2759 impremittitur
867 2705 980 2749 infra
1017 2707 1312 2763 quadraginta
1344 2708 1438 2750 dies
1470 2708 1668 2762 proxime
1700 2714 1743 2750 et
1775 2707 2033 2750 immediate
2066 2710 2303 2760 sequentes

496 2775 610 2816 Volo
652 2775 849 2817 concedo
891 2789 943 2817 ac
985 2776 1171 2819 firmiter
1211 2777 1424 2832 promitto
1466 2778 1582 2832 quod
1624 2777 1831 2819 dominus
1872 2783 2024 2819 noster
2068 2774 2303 2830 episcopus

497 2843 803 2886 abirdonensis
835 2844 911 2886 illa
939 2845 1034 2887 vice
1067 2846 1229 2889 habeat
1261 2847 1506 2901 plenariam
1541 2847 1799 2889 facultatem
1833 2847 1974 2888 eidem
2009 2844 2137 2888 altari
2164 2858 2302 2886 vnum

494 2914 716 2968 ydoneum
759 2915 1040 2968 capellanum
1083 2917 1214 2971 pleno
1255 2917 1347 2960 iure
1388 2924 1644 2972 presentare
1685 2932 1738 2960 ac
1779 2919 1966 2960 eandem
2007 2915 2302 2971 capellaniam
