2524 3418
149 1752 206 1785 fol.
226 1753 266 1785 34
277 1751 287 1771 ยน

441 296 496 348 84
740 290 953 334 Fu-ndatio
983 289 1204 347 capellanie
1235 289 1381 332 altaris
1413 289 1504 331 diui
1533 288 1734 332 Iohannis
1767 289 1932 345 baptiste

442 410 587 452 sinam
611 409 742 451 datur
763 405 1021 450 conceditur
1037 411 1113 447 aut
1129 404 1381 459 possidetur
1404 404 1498 446 sine
1514 403 1807 446 reuocacione
1825 409 1901 446 aut
1925 403 2250 447 reclamacione

443 479 624 534 aliquali
648 478 734 521 mei
758 478 970 520 heredum
994 489 1193 518 meorum
1213 480 1289 517 aut
1313 474 1643 530 assignatorum
1666 473 1869 517 facienda
1894 475 2082 529 Insuper
2108 475 2252 518 dictos

443 564 617 593 annuos
647 548 845 592 redditus
877 561 954 602 per
983 560 1052 588 me
1082 559 1321 589 concessos
1356 545 1555 601 primeue
1592 543 1887 587 infeodacioni
1920 551 1962 587 et
1994 544 2250 587 fundacioni

442 620 545 662 vnio
580 618 751 674 Redigo
787 623 829 660 et
863 623 1053 660 annecto
1085 615 1130 658 in
1159 630 1294 659 vnam
1328 615 1624 671 capellaniam
1654 630 1732 670 per
1759 621 1990 670 presentes
2019 616 2120 658 Iure
2148 629 2252 658 vero

444 696 710 746 patronatus
751 688 950 731 eiusdem
993 686 1253 742 Capellanie
1294 685 1430 729 michi
1463 692 1506 729 et
1539 685 1776 729 heredibus
1808 685 1919 728 meis
1956 685 2169 728 masculis
2200 687 2253 729 de

445 774 625 815 corpore
673 773 772 801 meo
816 757 1036 814 legittime
1080 756 1326 812 procreatis
1372 771 1450 800 seu
1501 756 1787 812 procreandis
1828 755 2054 812 perpetuis
2093 755 2254 799 futuris

444 829 720 884 temporibus
755 827 1092 871 remanentibus
1128 827 1288 882 quibus
1323 827 1437 870 forte
1474 826 1783 870 deficientibus
1819 826 2045 882 preposito
2077 825 2256 870 balliuis

445 899 716 943 Consulibus
748 904 791 941 et
824 897 1150 952 Communitatj
1185 896 1291 952 dictj
1327 896 1454 952 burgi
1488 898 1824 952 Imperpetuum
1860 897 1920 938 Et
1956 895 1992 938 si
2027 896 2140 938 forte
2173 910 2255 951 ego

445 975 521 1012 aut
558 969 744 1011 heredes
785 967 873 1010 mei
914 973 1015 1024 post
1051 966 1334 1010 vacationem
1376 966 1494 1009 dicte
1536 965 1782 1022 capellanie
1815 965 1882 1008 vsi
1916 979 2005 1008 non
2040 965 2256 1008 fuerimus

447 1041 548 1082 Iure
577 1044 844 1094 patronatus
874 1037 1006 1081 vnius
1035 1037 1197 1093 ydonei
1230 1037 1450 1093 capellani
1483 1038 1539 1080 ad
1572 1038 1698 1081 Idem
1732 1037 1872 1080 altare
1903 1042 1951 1079 ut
1984 1035 2258 1092 premittitur

445 1108 698 1152 celebrandi
744 1108 857 1152 infra
898 1107 1197 1163 quadraginta
1243 1107 1337 1151 dies
1383 1106 1582 1163 proxime
1623 1113 1667 1150 et
1711 1106 1969 1150 immediate
2018 1112 2257 1162 sequentes

445 1179 561 1222 Volo
602 1180 798 1223 concedo
839 1184 883 1222 et
923 1178 1115 1222 fideliter
1155 1177 1369 1234 promitto
1411 1179 1528 1233 quod
1569 1177 1823 1233 prepositus
1864 1176 1969 1232 dictj
2014 1176 2141 1232 burgi
2183 1176 2257 1232 qui

446 1264 524 1305 pro
546 1255 747 1305 tempore
777 1248 910 1292 fuerit
940 1263 1029 1292 vna
1061 1263 1164 1291 cum
1196 1247 1521 1292 deliberacione
1554 1247 1711 1303 secretj
1747 1246 1919 1302 consilij
1948 1246 2148 1290 eiusdem
2173 1247 2258 1290 Illa

445 1319 530 1375 vicj
572 1319 664 1374 [sic]
704 1319 867 1363 habeat
904 1318 1152 1374 plenariam
1194 1325 1466 1374 potestatem
1503 1317 1647 1361 eidem
1690 1317 1819 1373 altarj
1857 1332 1995 1360 vnum
2038 1318 2257 1360 Idoneum

447 1390 742 1445 Capellanum
775 1395 1033 1445 presentare
1066 1390 1255 1432 Necnon
1288 1388 1325 1431 si
1357 1388 1493 1444 aliqui
1525 1389 1739 1432 heredum
1772 1403 1972 1431 meorum
2010 1394 2088 1431 aut
2120 1386 2258 1443 assig-

446 1467 654 1504 natorum
696 1460 953 1503 huiusmodi
994 1474 1168 1503 annuos
1203 1459 1403 1502 redditus
1444 1459 1488 1501 in
1530 1465 1626 1502 toto
1662 1464 1739 1502 aut
1781 1458 1826 1500 in
1863 1464 1988 1513 parte
2024 1473 2050 1501 a
2086 1458 2258 1513 prefato

447 1531 681 1586 capellano
715 1529 1024 1574 Subtraxerint
1055 1537 1164 1573 tunc
1196 1529 1329 1573 liceat
1362 1529 1543 1573 domino
1576 1529 1815 1572 diocesano
1847 1528 1922 1584 qui
1951 1543 2029 1584 pro
2058 1534 2259 1583 tempore

446 1601 578 1644 fuerit
619 1603 799 1645 eosdem
842 1602 1084 1645 autoritate
1121 1616 1203 1645 sua
1239 1601 1506 1657 compellere
1544 1607 1587 1644 et
1621 1600 1666 1643 in
1701 1600 1850 1644 anime
1892 1615 1970 1643 sue
2011 1600 2259 1656 periculum

447 1685 585 1726 vsque
621 1672 677 1714 ad
712 1671 958 1726 plenariam
996 1670 1271 1714 solucionem
1305 1671 1423 1714 dicte
1464 1685 1639 1714 summe
1679 1670 1930 1714 faciendam
1967 1669 2174 1725 prosequj
2217 1675 2261 1712 et

448 1741 713 1797 distringere
753 1756 855 1785 cum
897 1742 1058 1785 effectu
1106 1742 1408 1798 Infringentes
1455 1743 1544 1786 Seu
1587 1741 1632 1784 in
1675 1741 1824 1797 aliquo
1871 1741 2117 1797 Infringere
2163 1755 2261 1796 pro-

449 1818 658 1854 curantes
695 1818 925 1867 presentes
966 1827 1091 1855 meas
1132 1812 1427 1856 donacionem
1469 1811 1802 1856 ordinacionem
1839 1818 1883 1856 et
1925 1811 2261 1855 concessionem

450 1888 492 1924 et
544 1881 801 1925 huiusmodi
852 1882 1098 1938 elymosine
1154 1883 1548 1926 confirmacionem
1601 1883 1843 1926 autoritate
1898 1881 2067 1926 domini
2119 1881 2261 1925 nostri

453 1951 589 1994 Ihesu
632 1951 787 1994 christi
829 1951 1151 2008 omnipotentis
1203 1952 1272 1996 dei
1319 1967 1370 1996 ac
1413 1958 1568 1996 sancte
1611 1952 1770 1996 matris
1811 1952 1998 1996 ecclesie
2039 1958 2083 1995 et
2125 1967 2261 2007 quan-

450 2027 547 2063 tum
585 2020 883 2065 committitur
919 2022 1116 2065 humane
1157 2029 1359 2066 creature
1396 2024 1452 2066 ad
1488 2022 1846 2065 maledicendum
1888 2021 2184 2065 maledicatur
2217 2027 2261 2064 et

454 2090 586 2132 Illam
613 2090 982 2134 malediccionem
1009 2107 1143 2147 quam
1170 2098 1297 2147 pater
1329 2094 1411 2136 sub
1442 2098 1666 2148 potestate
1698 2093 1832 2136 habet
1858 2091 1903 2134 in
1929 2091 2071 2134 filium
2103 2091 2262 2134 mereri

451 2159 630 2202 valeant
653 2166 696 2202 et
719 2161 977 2204 eternaliter
997 2161 1224 2217 possidere
1252 2163 1289 2204 F
1293 2161 1507 2205 aciendus
1535 2161 1637 2205 inde
1669 2162 1816 2205 dictus
1845 2161 2106 2216 capellanus
2127 2167 2171 2204 et
2195 2160 2262 2204 sui

452 2243 735 2272 successores
771 2230 961 2274 seruicia
997 2231 1150 2274 diuina
1182 2233 1239 2274 ad
1275 2233 1401 2275 Idem
1439 2232 1579 2275 altare
1616 2246 1694 2288 pro
1731 2231 1968 2274 animabus
2003 2231 2263 2274 fundatores

452 2298 602 2342 debita
634 2306 677 2342 et
709 2306 926 2344 consueta
958 2302 1019 2344 Et
1052 2301 1089 2344 si
1121 2301 1354 2357 contingat
1387 2302 1655 2358 prelibatum
1689 2302 1971 2357 capellanum
2004 2302 2192 2344 deficere
2217 2301 2262 2343 in

453 2368 643 2412 seruicio
679 2369 831 2413 diuino
872 2386 950 2426 per
990 2372 1288 2428 quadraginta
1330 2372 1424 2415 dies
1465 2372 1703 2415 continuos
1743 2371 1788 2414 in
1830 2372 2006 2415 defectu
2042 2371 2263 2427 capellani

453 2438 652 2482 eiusdem
685 2447 762 2482 aut
795 2441 863 2484 sui
895 2442 1126 2498 substitutj
1160 2442 1247 2485 nisi
1279 2457 1416 2486 causa
1448 2442 1712 2498 egritudinis
1743 2442 1838 2485 sine
1871 2442 2054 2498 speciali
2077 2442 2265 2486 licencia

454 2508 541 2551 mei
564 2516 641 2552 aut
663 2510 877 2554 heredum
904 2527 1106 2556 meorum
1137 2519 1245 2556 tunc
1277 2513 1450 2556 licitum
1483 2512 1565 2556 erit
1597 2512 1725 2556 nobis
1756 2514 1810 2555 de
1841 2513 1998 2556 eadem
2031 2512 2265 2568 disponere

453 2594 532 2634 pro
564 2585 715 2622 nostre
746 2580 872 2624 libito
903 2582 1151 2626 voluntatis
1224 2584 1284 2626 Et
1319 2598 1401 2639 ego
1432 2597 1535 2626 vero
1572 2583 1720 2626 dictus
1758 2582 1986 2625 Iohannes
2021 2581 2185 2624 knollis
2221 2588 2265 2624 et

453 2649 639 2692 heredes
680 2650 768 2693 mei
809 2657 929 2694 totos
970 2659 1013 2696 et
1056 2653 1254 2709 integros
1296 2668 1469 2696 annuos
1504 2653 1704 2696 redditus
1740 2659 2001 2708 prenotatos
2037 2668 2139 2696 cum
2174 2651 2267 2695 suis

453 2720 741 2774 pertinenciis
763 2722 934 2776 prefato
957 2724 1190 2778 capellano
1223 2731 1266 2767 et
1299 2724 1392 2767 suis
1421 2724 1753 2767 successoribus
1775 2723 2001 2779 perpetuis
2023 2722 2268 2779 capellanis

453 2789 653 2833 eiusdem
676 2791 720 2833 in
744 2793 952 2836 omnibus
975 2800 1017 2836 et
1041 2809 1118 2849 per
1140 2795 1291 2838 omnia
1313 2801 1361 2837 ut
1384 2794 1652 2850 premissum
1680 2800 1748 2836 est
1776 2809 1854 2849 per
1882 2808 2039 2836 omnes
2059 2799 2201 2836 terras
2223 2798 2267 2835 et

454 2861 762 2914 possessiones
803 2869 982 2906 nostras
1022 2871 1180 2908 contra
1222 2880 1378 2908 omnes
1420 2864 1633 2908 mortales
1673 2863 2056 2907 varantizabimus
2092 2862 2267 2917 acquie-

453 2930 652 2974 tabimus
685 2939 728 2974 et
762 2934 1099 2989 Imperpetuum
1137 2936 1427 2980 defendemus
1461 2937 1514 2978 In
1548 2935 1688 2980 Cuius
1720 2934 1783 2978 rei
1816 2933 2126 2978 testimonium
2164 2933 2268 2977 huic
