2524 3418
182 1619 239 1651 sol.
258 1619 317 1652 78²

485 319 569 373 198
902 320 1126 361 Commune
1158 320 1330 361 Rentale
1362 321 1679 375 Capellanorum
1709 322 1864 363 ecclesie

596 435 710 475 Item
735 448 812 487 pro
842 435 995 475 eodem
1029 435 1081 475 de
1111 441 1226 475 terra
1249 435 1473 488 quondam
1508 435 1722 477 Iohannis
1744 442 1894 490 portar
1921 451 2037 480 nunc
2067 437 2207 492 curatj
2238 437 2282 480 in

477 502 574 544 vico
597 503 818 544 furcarum
847 504 1029 543 Iacente
1052 517 1104 543 ex
1127 502 1390 545 occidentali
1414 510 1539 558 parte
1561 504 1758 546 eiusdem
1780 504 1863 559 vicj
2208 506 2236 561 ij
2261 521 2282 549 s

594 573 780 614 Summa
804 572 937 613 huius
958 586 1013 613 xx
1036 587 1056 613 s

596 644 707 683 Item
740 641 811 682 isti
842 641 975 695 annuj
1009 642 1205 684 redditus
1237 642 1473 697 subscripti
1503 650 1605 685 sunt
1635 658 1809 698 semper
1837 643 1880 685 in
1911 644 2117 686 manibus
2148 644 2280 687 soluti

478 719 678 765 tempore
702 711 1027 753 Celebrationis
1049 711 1333 765 exequiarum
1357 718 1399 753 et
1423 712 1672 754 diuinorum
1696 713 2061 767 subsequentium
2080 712 2104 737 '⁸‘

595 782 708 822 Item
743 780 786 821 in
820 780 974 834 primis
1006 795 1083 834 pro
1115 782 1270 823 thoma
1302 788 1398 836 prat
1436 783 1489 823 de
1520 789 1637 824 terra
1675 782 1824 825 Iacobi
1861 782 2077 825 collisoun
2109 782 2153 824 in
2184 781 2282 824 vico

479 849 690 904 superiori
714 849 898 891 ecclesie
922 865 1054 904 quam
1079 851 1299 893 inhabitat
1323 851 1416 906 ipse
1441 853 1630 894 Iacobus
2180 866 2236 894 xx
2257 863 2278 891 8

594 920 705 959 Item
750 933 828 972 pro
871 920 1025 960 eodem
1069 921 1121 961 de
1172 927 1289 962 terra
1331 922 1555 975 quondam
1599 921 1780 963 Ioannis
1827 921 1924 976 grig
1970 935 2086 964 nunc
2131 920 2280 976 gavini

478 1002 658 1042 murray
680 988 723 1029 in
746 988 843 1030 vico
865 989 1089 1031 furcarum
1116 991 1296 1032 Iacente
1319 1005 1372 1032 ex
1393 991 1595 1033 orientali
1618 999 1743 1046 parte
1765 991 1964 1033 eiusdem
2172 991 2232 1046 iiij
2258 1005 2279 1032 s

593 1058 779 1100 Summa
803 1058 935 1100 huius
961 1059 1080 1114 xxiiij
1106 1075 1126 1101 s

593 1129 707 1169 Item
731 1143 809 1182 pro
831 1131 997 1172 andrea
1020 1145 1200 1185 murray
1221 1131 1382 1174 seniori
1405 1132 1458 1174 de
1479 1131 1672 1174 dimedio
1695 1131 1833 1174 rethis
1855 1132 1908 1174 de
1930 1131 1960 1173 li
1981 1130 2119 1174 surdis
2148 1144 2280 1186 super

475 1211 636 1250 aquam
659 1198 712 1239 de
734 1199 787 1239 de
2110 1200 2229 1255 xxiiij
2255 1214 2276 1242 s

592 1266 779 1308 Summa
802 1266 935 1308 huius
963 1268 1081 1322 xxiiij
1107 1283 1127 1310 8

593 1335 706 1376 Item
730 1349 808 1389 pro
838 1336 1075 1379 alexandro
1098 1337 1190 1380 reid
1213 1345 1255 1380 et
1279 1346 1531 1393 margareta
1559 1340 1734 1382 crafurd
1763 1339 1858 1382 eius
1887 1354 2051 1395 sponsa
2078 1341 2132 1382 de
2160 1346 2277 1382 terra

476 1404 700 1456 quondam
728 1404 861 1446 dauid
887 1404 1045 1448 tilman
1071 1421 1189 1449 nunc
1212 1407 1429 1450 Willelmi
1451 1408 1623 1451 rolland
1646 1423 1699 1451 ex
1720 1409 1905 1452 australi
1928 1415 2054 1464 parte
2075 1408 2274 1451 eiusdem

475 1472 558 1527 vicj
585 1473 719 1514 castri
2176 1492 2232 1520 xx
2254 1491 2275 1519 8

591 1542 778 1584 Summa
801 1542 933 1585 huius
954 1558 1010 1585 xx
1032 1558 1053 1586 s

593 1612 707 1653 Item
732 1626 809 1666 pro
831 1619 956 1666 patre
979 1620 1021 1655 et
1046 1621 1187 1657 matre
1209 1615 1436 1658 alexandri
1458 1630 1567 1671 gray
1588 1617 1641 1658 de
1662 1622 1779 1658 terra
1801 1617 2024 1670 quondam
2047 1613 2273 1670 alexandrj

476 1681 577 1736 logy
599 1681 642 1723 in
665 1682 762 1725 vico
783 1683 1005 1726 furcarum
1029 1699 1146 1727 nune
1168 1686 1329 1741 robertj
1349 1687 1539 1729 barbour
1560 1686 1672 1729 alias
1693 1686 2003 1742 huytzousoun
2029 1700 2085 1728 xx
2106 1700 2128 1728 8
2148 1685 2222 1740 viij
2247 1686 2274 1728 d

592 1752 778 1794 Summa
800 1753 933 1796 huius
955 1769 1011 1796 xx
1033 1769 1053 1796 8
1074 1755 1148 1809 viij
1174 1757 1201 1798 d

593 1821 707 1862 Item
730 1835 808 1876 pro
831 1823 1058 1878 magistris
1079 1824 1311 1867 Willelmo
1340 1825 1632 1879 stradaquhin
1659 1831 1702 1867 et
1727 1825 1883 1867 thoma
1908 1823 2200 1880 stradaquhin
2223 1825 2276 1867 de

476 1895 593 1932 terra
618 1890 812 1946 interiorj
838 1894 1061 1946 quondam
1085 1894 1292 1949 malcomj
1318 1909 1423 1950 crag
1444 1909 1561 1938 nunc
1588 1896 1798 1938 heredum
1830 1895 2044 1938 Iohannis
2068 1895 2204 1938 fichat
2231 1894 2275 1936 in

475 1958 573 2001 vico
596 1960 728 2015 castrj
754 1975 807 2002 ex
829 1961 993 2004 boreali
1015 1970 1141 2017 parte
1162 1963 1361 2006 eiusdem
2174 1977 2231 2006 XX
2253 1977 2274 2005 S

590 2029 777 2071 Summa
799 2030 931 2072 huius
952 2045 1008 2073 xx
1030 2046 1051 2073 s

592 2099 706 2140 Item
737 2099 994 2153 capellanus
1016 2106 1256 2155 perpetuus
1285 2102 1413 2144 beate
1442 2100 1579 2143 marie
1608 2100 1871 2156 magdalene
1898 2106 2076 2143 tenetur
2103 2099 2274 2142 soluere

476 2167 708 2209 annuatim
732 2168 975 2222 capellanis
997 2169 1117 2224 chorj
1147 2168 1264 2212 beati
1287 2169 1462 2224 nicolaij
1488 2171 1541 2212 de
1562 2169 1782 2212 Abirdene
1804 2184 1882 2224 pro
1904 2169 2026 2212 obitu
2048 2169 2209 2211 andree
2231 2174 2274 2210 et

476 2236 656 2279 cristine
678 2238 849 2293 kagheo
873 2253 1034 2293 sponse
1056 2239 1254 2282 eiusdem
2175 2251 2232 2279 xx
2253 2251 2275 2279 s

592 2308 778 2350 Summa
800 2308 932 2350 huius
953 2324 1009 2351 xx
1032 2323 1052 2351 s

593 2378 707 2419 Item
742 2391 819 2432 pro
856 2379 1074 2432 stephano
1106 2377 1290 2433 balrony
1321 2379 1374 2420 de
1405 2384 1523 2420 terra
1560 2377 1784 2432 quondam
1821 2375 1989 2431 henricj
2028 2375 2120 2418 reid
2156 2389 2273 2418 nunc

475 2445 686 2488 heredum
725 2446 922 2489 eiusdem
959 2447 1004 2489 in
1040 2447 1137 2490 vico
1175 2447 1387 2502 superiori
1425 2447 1610 2490 ecclesie
1647 2449 1828 2490 Iacente
1863 2461 1916 2488 ex
1951 2445 2115 2489 boreali
2151 2451 2277 2501 parte

475 2514 672 2557 eiusdem
694 2515 778 2570 vicj
2173 2528 2229 2556 xx
2251 2528 2272 2556 s

590 2584 777 2626 Summa
799 2583 931 2626 huius
953 2598 1009 2626 xx
1033 2598 1053 2626 s

591 2654 705 2695 Item
729 2653 988 2707 capellanus
1006 2667 1214 2707 premeue
1230 2651 1503 2695 fundationis
1521 2651 1674 2694 altaris
1692 2652 1834 2695 sancti
1852 2651 2084 2694 michaelis
2100 2657 2276 2694 tenetur

476 2721 647 2763 soluere
684 2721 927 2776 capellanis
959 2722 1080 2764 chori
1113 2721 1201 2776 diuj
1237 2721 1413 2776 nicolaij
1448 2723 1500 2763 de
1532 2721 1739 2763 abirdene
1776 2721 2009 2764 annuatim
2041 2736 2119 2776 pro
2150 2720 2273 2763 obitu

474 2789 646 2844 angusij
672 2791 918 2832 adamsoun
2106 2789 2224 2844 xxiiij
2250 2804 2271 2831 s

591 2859 776 2900 Summa
798 2858 931 2901 huius
957 2858 1075 2912 xxiiij
1103 2873 1123 2900 s

1103 2948 1121 2964 ⁴*
1147 2949 1186 2979 In
1203 2948 1360 2980 manibus
1376 2948 1466 2980 solut
1484 2948 1649 2980 Redditus
