2524 3418
462 346 540 386 130
1001 335 1128 377 Carta
1162 334 1321 375 domini
1352 334 1550 376 Iohannis
1584 336 1719 377 Iitstar

460 451 792 504 Imperpetuum
818 451 879 491 Ac
903 449 1079 503 preconj
1109 448 1333 490 communi
1367 448 1472 490 dicti
1505 448 1630 504 burgi
1665 450 1775 492 duos
1801 451 2007 494 denarios
2041 452 2163 496 dabit
2186 468 2264 509 pro

460 519 552 562 suis
585 518 810 562 laboribus
846 531 923 572 per
957 517 1108 559 villam
1147 515 1318 571 preenti
1362 517 1583 571 [pereunti
1600 518 1637 571 ?]
1683 525 1861 561 tantum
1899 534 1977 574 pro
2013 520 2134 563 omni
2175 522 2263 564 alio

460 589 647 631 seruicio
671 587 857 641 secularj
878 586 1114 628 exaccione
1137 600 1215 628 seu
1238 587 1459 628 demanda
1486 601 1570 640 que
1600 588 1655 629 de
1684 587 1895 642 predictis
1917 589 2078 632 annuis
2102 590 2263 633 Reddi-

460 660 579 702 tibus
601 672 701 700 cum
732 656 1019 711 pertinenciis
1052 655 1305 711 aliqualiter
1335 656 1449 711 exigi
1482 656 1643 711 poterit
1677 664 1753 700 aut
1787 658 1949 713 requiri
1983 660 2265 703 INSUPER

462 725 816 770 NOUERITIS
850 725 941 767 ME
974 725 1018 766 in
1052 731 1343 780 augmentum
1378 725 1514 768 divini
1537 726 1686 768 cultus
1717 726 1931 770 honorem
1964 728 2033 772 dei
2065 729 2264 785 omnipo-

461 798 597 841 tentis
633 795 889 838 beatissime
925 794 1110 850 virginis
1146 795 1284 838 marie
1326 801 1481 838 sancte
1522 796 1708 839 barbare
1747 796 1931 852 virginis
1972 812 2023 841 ac
2064 797 2264 841 omniurn

461 867 692 912 celestium
736 864 901 907 ciuium
944 878 1236 918 supernorum
1284 878 1363 918 pro
1415 865 1559 907 salute
1601 864 1750 908 anime
1791 880 1889 908 mee
1930 871 1973 909 et
2014 866 2265 910 animarum

463 938 759 995 predictarum
806 949 859 977 ac
904 934 1104 976 omnium
1157 933 1354 976 fidelium
1406 934 1715 977 defunctorum
1767 935 1941 979 dedisse
1992 937 2267 980 concessisse

461 1007 714 1061 assignasse
747 1010 789 1046 et
822 1004 906 1046 hac
938 1002 1132 1058 presenti
1156 1009 1279 1046 carta
1308 1017 1407 1045 mea
1440 1003 1728 1047 confirmasse
1750 1004 1891 1047 Altari
1924 1005 2052 1048 beate
2082 1007 2267 1050 barbare

462 1075 645 1131 virginis
679 1074 791 1116 infra
827 1072 1062 1115 ecclesiam
1095 1071 1419 1127 perrochialem
1452 1072 1558 1115 dicti
1598 1073 1722 1128 burgi
1754 1073 1943 1117 fundant
1986 1074 2078 1129 [sic]
2121 1081 2165 1118 et
2197 1090 2267 1119 ca—

462 1148 638 1203 pellano
661 1150 874 1200 perpetuo
896 1143 1095 1185 eiusdem
1118 1142 1283 1185 Totam
1306 1150 1349 1185 et
1373 1142 1592 1198 integram
1615 1149 1778 1186 terram
1806 1158 1952 1187 meam
1975 1144 2265 1188 subteriorem

461 1226 503 1260 et
527 1215 798 1271 superiorem
822 1228 923 1256 cum
952 1213 1044 1255 suis
1069 1212 1357 1268 pertinenciis
1380 1214 1609 1255 Iacentem
1633 1213 1745 1256 infra
1767 1214 1987 1268 prefatum
2010 1215 2198 1270 burgum
2221 1214 2266 1257 in

461 1288 558 1330 vico
602 1284 812 1328 Inferiore
853 1283 1039 1326 ecclesie
1081 1297 1134 1325 ex
1179 1282 1344 1325 boreali
1396 1289 1523 1337 parte
1573 1282 1772 1326 eiusdem
1813 1283 1899 1325 vici
1939 1283 2056 1326 inter
2098 1290 2264 1327 terram

461 1357 684 1412 quondam
707 1353 840 1396 dauid
863 1353 1056 1407 gethane
1078 1367 1130 1394 ex
1153 1351 1358 1394 orientali
1381 1365 1434 1394 ex
1455 1366 1542 1394 vna
1565 1358 1607 1394 et
1630 1358 1794 1395 terram
1825 1354 2049 1407 quondam
2072 1352 2264 1396 Walteri

463 1439 642 1480 mernys
673 1438 726 1466 ex
757 1421 1022 1465 occidentali
1054 1421 1256 1476 partibus
1288 1422 1343 1463 ab
1375 1421 1516 1463 altera
1547 1427 1590 1463 et
1623 1436 1907 1464 communem
1929 1422 2045 1465 viam
2076 1421 2264 1478 Regiam

460 1510 615 1539 versus
651 1499 853 1537 austrum
885 1491 1247 1534 TENENDAM
1283 1490 1366 1532 ET
1400 1492 1760 1534 HABENDAM
1794 1498 1936 1535 totam
1969 1498 2012 1534 et
2043 1491 2263 1547 integram

462 1566 629 1609 dictam
661 1570 825 1606 terram
859 1576 960 1604 cum
994 1561 1086 1603 suis
1118 1559 1404 1615 pertinenciis
1436 1560 1607 1615 prefato
1639 1561 1871 1616 capellano
1903 1567 1946 1604 et
1978 1560 2070 1604 suis
2092 1575 2266 1605 succes-

463 1636 636 1678 soribus
673 1631 916 1688 capellanis
952 1631 1059 1674 dicti
1096 1630 1251 1674 altaris
1287 1645 1312 1673 a
1346 1644 1417 1672 me
1455 1636 1498 1673 et
1535 1631 1770 1674 heredibus
1806 1631 1917 1674 meis
1953 1631 1998 1674 in
2033 1646 2191 1686 puram
2223 1638 2265 1674 et

463 1710 723 1760 perpetuam
757 1700 1038 1743 elimosinam
1073 1702 1406 1755 Imperpetuum
1440 1701 1554 1742 Cum
1587 1700 1708 1742 omni
1742 1701 1843 1743 Iure
1875 1707 1918 1743 et
1952 1701 2067 1743 Iuris
2095 1701 2267 1744 clameo

463 1777 526 1817 Ac
561 1787 663 1816 curn
695 1770 902 1814 omnibus
934 1769 1034 1812 aliis
1065 1775 1108 1811 et
1141 1768 1330 1823 singulis
1361 1768 1641 1812 libertatibus
1673 1768 2067 1812 commoditatibus
2089 1775 2132 1812 et
2154 1769 2267 1813 asia-

464 1843 628 1886 mentis
659 1855 711 1885 ac
745 1839 883 1883 Iustis
915 1838 1007 1881 suis
1037 1837 1326 1893 pertinenciis
1358 1837 1696 1892 quibuscunque
1732 1838 1788 1880 ad
1821 1837 2067 1892 predictam
2099 1843 2266 1881 terram

462 1927 563 1956 cum
593 1908 879 1967 pertinenciis
911 1907 1217 1963 spectantibus
1246 1920 1324 1949 seu
1357 1908 1491 1953 Iuste
1512 1912 1715 1962 spectare
1745 1905 1998 1950 valentibus
2029 1907 2270 1962 quomodo-

462 1985 568 2028 libet
591 1983 636 2025 in
657 1982 856 2025 futurum
879 1980 1001 2023 Adeo
1033 1979 1168 2022 libere
1199 1977 1397 2033 plenarie
1427 1977 1599 2032 integre
1630 1976 1872 2020 honorifice
1893 1977 2005 2020 bene
2026 1983 2070 2020 et
2091 1975 2136 2019 in
2158 1990 2269 2032 pace

463 2055 508 2096 in
531 2052 738 2096 omnibus
769 2057 812 2093 et
843 2063 922 2105 per
952 2048 1103 2092 omnia
1135 2047 1250 2090 sicut
1282 2047 1432 2102 aliqua
1456 2052 1575 2090 terra
1596 2046 1783 2089 ecclesie
1805 2045 1850 2088 in
1871 2059 2028 2102 puram
2051 2051 2094 2089 et
2116 2059 2267 2101 perpe-

462 2131 586 2166 tuam
628 2119 909 2164 elimosinam
951 2119 1083 2161 datur
1122 2116 1382 2160 conceditur
1421 2122 1498 2159 aut
1534 2115 1787 2171 possidetur
1822 2114 1917 2158 sine
1955 2115 2266 2158 Reuocacione

465 2190 811 2236 Reclamacione
842 2194 919 2232 aut
951 2186 1308 2230 contradiccione
1337 2185 1520 2241 aliquali
1550 2186 1798 2228 Reseruato
1829 2190 1980 2227 tamen
2012 2198 2090 2239 per
2116 2184 2267 2226 omnia

464 2263 602 2304 libero
636 2265 894 2303 tenemento
931 2257 1130 2300 eiusdem
1167 2255 1304 2298 michi
1341 2269 1419 2311 pro
1454 2260 1550 2298 toto
1585 2259 1785 2309 tempore
1819 2252 1910 2296 vite
1946 2267 2044 2295 mee
2080 2253 2267 2296 CELE-

466 2331 728 2375 BRANDO
752 2329 853 2371 inde
875 2328 1022 2371 dictus
1050 2327 1310 2381 capellanus
1341 2332 1384 2368 et
1417 2324 1485 2368 sui
1517 2338 1797 2368 successores
1827 2323 2047 2379 capellani
2069 2322 2268 2366 eiusdem

465 2399 620 2442 altaris
643 2397 837 2453 qualibet
859 2396 967 2439 feria
988 2395 1180 2451 septima
1203 2394 1406 2438 videlicet
1432 2395 1618 2437 sabbato
1638 2407 1773 2436 vnam
1806 2392 1991 2436 missam
2023 2393 2078 2436 de
2109 2392 2270 2436 beatis-

469 2468 582 2510 sima
603 2467 787 2521 Virgine
819 2465 959 2508 maria
990 2466 1046 2508 ad
1079 2466 1204 2507 Idem
1227 2465 1366 2507 altare
1389 2463 1577 2518 singulis
1599 2462 1728 2505 annis
1748 2461 1908 2505 futuris
1931 2463 2267 2518 Imperpetuum

467 2552 545 2593 pro
587 2537 730 2579 salute
772 2535 919 2579 anime
960 2549 1057 2577 mee
1104 2534 1355 2577 animarum
1405 2533 1704 2589 predictarum
1746 2538 1789 2574 et
1830 2533 2030 2575 omnium
2071 2532 2269 2576 fidelium

469 2608 776 2650 defunctorum
813 2612 990 2649 tanturn
1027 2619 1106 2660 pro
1142 2604 1263 2647 omni
1301 2604 1387 2647 alio
1428 2602 1615 2646 seruicio
1656 2601 1893 2646 exaccione
1934 2616 2012 2645 seu
2048 2603 2269 2646 demanda

472 2692 555 2732 que
592 2679 645 2720 de
681 2676 879 2731 predicta
915 2682 1032 2718 terra
1074 2689 1176 2718 cum
1217 2673 1503 2729 pertinenciis
1544 2671 1796 2727 aliqualiter
1834 2671 1949 2726 exigi
1990 2671 2151 2727 poterit
2192 2677 2270 2715 aut

471 2746 631 2801 requiri
666 2745 748 2787 ET
782 2745 909 2787 EGO
939 2745 1111 2786 VERO
1146 2743 1382 2786 DICTUS
1410 2740 1616 2785 dominus
1646 2741 1870 2783 Iohannes
1898 2740 2084 2783 heredes
2112 2738 2198 2782 mei
2227 2745 2271 2782 et

474 2816 689 2871 assignati
719 2822 838 2858 totos
859 2821 902 2857 et
924 2814 1121 2869 integros
1153 2827 1325 2856 annuos
1359 2812 1578 2855 Redditus
1609 2817 1652 2854 et
1683 2817 1847 2854 terram
1879 2810 2142 2865 prelibatam
2168 2822 2270 2851 curn

475 2887 566 2930 suis
602 2885 888 2942 pertinenciis
923 2884 1105 2940 prefatis
1139 2889 1294 2926 curato
1330 2881 1573 2938 capellanis
1609 2880 1731 2924 chori
1768 2886 1811 2923 et
1847 2879 2080 2935 capellano
2116 2877 2272 2921 altaris

475 2958 603 2999 beate
625 2957 809 2999 barbare
831 2954 1078 3010 prenotatis
1103 2968 1154 2997 ac
1187 2953 1279 2996 suis
1299 2951 1632 2996 'successoribus
1655 2953 1707 2994 In
1730 2949 1937 2995 omnibus
1957 2954 2001 2993 et
2023 2962 2100 3005 per
2120 2947 2270 2991 omnia
