2524 3418
814 310 855 350 F
855 309 1026 350 undatio
1057 308 1093 350 A
1104 309 1294 350 lexandri
1323 309 1530 365 malysone
1999 327 2019 355 1
2026 325 2078 369 53

1054 454 1294 496 LXXXII.

828 549 869 590 F
870 549 1041 590 nudatio
1062 549 1300 591 Alexandri
1319 549 1525 604 malysone

392 643 686 687 OUERINT
723 643 934 685 Vniuersi
968 658 1046 698 per
1081 650 1312 698 presentes
1350 645 1446 686 Nos
1479 645 1697 688 Curatum
1730 649 1773 686 et
1807 644 2077 699 Capellanos

449 713 637 767 Collegii
661 727 738 754 seu
762 713 897 756 Chori
926 713 1131 755 Ecclesie
1158 713 1248 755 diui
1271 713 1481 769 nicholaij
1514 715 1567 756 de
1589 715 1822 757 Aberdene
1853 729 1933 769 pro
1965 720 2076 756 tem-

263 797 368 837 pore
391 783 613 837 obligasse
636 789 765 837 prout
788 789 941 824 tenore
959 783 1240 837 presencium
1263 798 1345 825 nos
1360 784 1612 838 obligamus
1635 790 1677 826 et
1700 790 1878 826 nostros
1901 798 2075 826 succes-

264 867 385 894 sores
410 854 746 907 Imperpetuum
779 853 1056 907 temporibus
1087 853 1248 894 futuris
1281 855 1337 896 ad
1371 854 1696 896 Celebrandam
1719 868 1854 896 vnam
1887 853 2073 897 missam

261 922 305 963 in
329 922 397 964 dei
421 922 742 976 omnipotentis
774 922 952 964 laudem
987 929 1029 964 et
1063 923 1250 977 gloriam
1283 924 1515 965 benedicte
1549 924 1705 966 matris
1738 924 1833 966 eius
1865 924 2004 966 marie
2031 930 2074 967 et

260 990 420 1033 Totius
457 991 589 1034 Curie
626 991 804 1033 celestis
841 991 962 1033 omni
998 998 1123 1034 sexta
1159 993 1266 1034 feria
1303 994 1356 1034 de
1399 993 1593 1048 quinque
1629 993 1868 1037 wlneribus
1905 994 2074 1037 domini

259 1061 399 1103 nostri
439 1062 573 1103 Ihesu
611 1061 767 1103 christi
802 1063 857 1104 ad
899 1061 1039 1103 altare
1076 1062 1194 1104 beati
1239 1062 1455 1104 Iohannis
1497 1063 1802 1117 Ewangeliste
1840 1065 1893 1105 In
1930 1064 2073 1106 inten-

257 1130 378 1172 tione
411 1137 454 1173 et
487 1145 566 1185 pro
590 1130 741 1173 anima
773 1132 998 1185 quondam
1031 1131 1204 1185 prouidi
1237 1131 1471 1186 burgensis
1493 1132 1733 1175 Alexandri
1766 1133 1997 1189 malysone
2029 1140 2072 1176 et

257 1200 408 1243 anima
450 1208 702 1256 margarete
740 1201 889 1243 kintor
929 1216 1007 1244 sue
1045 1216 1208 1256 sponse
1250 1202 1574 1258 animabusque
1617 1218 1798 1246 suorum
1835 1210 2072 1258 parentum

255 1270 446 1324 prolium
479 1286 531 1313 ac
564 1271 1011 1326 Consanguineorum
1037 1272 1105 1314 Eo
1139 1279 1181 1314 et
1214 1287 1292 1327 pro
1325 1279 1493 1327 quanto
1526 1275 1643 1327 quod
1673 1275 1799 1316 Idem
1821 1274 2074 1317 Alexander

256 1340 486 1395 malysone
523 1341 651 1383 nobis
687 1342 807 1384 dedit
840 1348 883 1384 et
915 1341 1131 1396 gilbertus
1169 1342 1401 1397 malysone
1438 1357 1546 1384 suus
1578 1342 1696 1385 filius
1728 1349 1771 1385 et
1804 1343 1933 1386 heres
1966 1344 2072 1387 deli-

255 1411 426 1454 berauit
458 1411 503 1452 in
535 1426 694 1466 puram
729 1411 1028 1454 Elimosinam
1062 1413 1117 1455 ad
1151 1418 1352 1455 nostram
1386 1418 1428 1455 et
1463 1414 1784 1456 Successorum
1814 1421 2070 1458 nostrorum

255 1481 631 1524 sustentationem
663 1481 822 1537 viginti
855 1488 1046 1537 quatuor
1078 1482 1213 1525 libras
1246 1483 1302 1524 ad
1334 1489 1536 1525 nostram
1568 1482 1810 1526 Vtilitatem
1841 1499 1994 1540 ymmo
2027 1491 2070 1528 et

255 1552 575 1594 Successorum
605 1559 860 1594 nostrorum
895 1552 1271 1595 sustentationem
1305 1567 1356 1595 ac
1390 1553 1445 1595 ad
1479 1554 1829 1596 construendum
1862 1569 2070 1609 reparan-

253 1622 358 1663 dum
382 1628 425 1663 et
448 1622 747 1665 edificandum
765 1628 943 1665 nostras
961 1623 1118 1665 domos
1136 1637 1399 1664 communes
1423 1623 1483 1664 Et
1502 1622 1711 1677 precipue
1733 1623 1842 1666 illud
1865 1631 2068 1668 nostrum

252 1697 560 1734 tenementum
595 1693 754 1734 Iacens
787 1691 831 1733 in
863 1691 961 1734 vico
996 1691 1194 1734 Nauium
1228 1691 1344 1734 inter
1375 1698 1540 1734 terram
1573 1692 1728 1734 thome
1761 1693 1986 1736 chawmer
2014 1709 2068 1737 ex

252 1761 418 1805 boreali
436 1776 488 1804 ex
503 1776 591 1804 vna
608 1767 773 1804 terram
797 1761 1010 1804 heredum
1034 1763 1259 1816 quondam
1282 1761 1436 1804 thome
1459 1768 1558 1817 prat
1582 1777 1634 1804 ex
1657 1763 1843 1806 australi
1866 1765 2068 1819 partibus

252 1833 307 1875 ab
349 1832 489 1875 altera
531 1846 816 1874 communem
858 1831 977 1874 viam
1022 1831 1211 1887 Regiam
1253 1847 1408 1874 versus
1450 1832 1597 1875 oriens
1639 1839 1681 1875 et
1724 1840 1923 1876 montem
1966 1835 2067 1878 diue

252 1901 480 1944 catherine
515 1901 700 1957 virginis
736 1916 892 1944 versus
928 1901 1136 1944 occidens
1179 1903 1238 1944 Et
1277 1903 1332 1944 ad
1370 1902 1455 1944 hoc
1491 1902 1745 1946 faciendum
1783 1918 1835 1946 ac
1872 1919 1951 1960 per
1985 1919 2067 1947 nos

251 1978 516 2027 nostrosque
544 1973 836 2015 Successores
860 1972 1187 2015 Inuiolabiliter
1215 1973 1545 2015 obseruandum
1577 1973 1662 2016 hoc
1694 1980 1897 2017 nostrum
1931 1975 2067 2031 scrip-

249 2049 346 2086 tum
385 2043 550 2086 nostris
587 2043 871 2087 manualibus
904 2043 1307 2099 subscriptionibus
1343 2045 1601 2088 roboratum
1639 2060 1691 2088 ac
1726 2047 1807 2090 sub
1843 2047 2066 2102 ypotheca

248 2113 450 2156 omniurn
482 2114 700 2157 bonorum
732 2120 987 2156 nostrorum
1020 2114 1327 2157 communium
1362 2121 1705 2170 nostrorumque
1743 2117 2064 2160 Successorum

248 2183 523 2239 presentium
546 2190 589 2226 et
611 2184 861 2227 futurorum
885 2185 938 2227 de
959 2184 1160 2227 vnanimi
1179 2199 1400 2228 consensu
1423 2185 1705 2228 decernimus
1722 2192 1765 2229 et
1783 2187 2065 2230 decreuimus

247 2268 326 2309 per
360 2260 592 2309 presentes
628 2254 789 2298 ACTA
826 2261 952 2297 erant
989 2255 1072 2297 hec
1109 2254 1154 2297 in
1188 2255 1286 2297 loco
1324 2255 1572 2310 Capitulari
1608 2257 1808 2300 vnanimi
1842 2272 2064 2301 consensu

247 2325 433 2367 fratrum
476 2324 520 2366 in
563 2327 719 2368 eodem
761 2340 923 2380 corpus
965 2325 1149 2380 capituli
1191 2326 1548 2380 presentantium
1591 2329 1646 2370 ad
1689 2328 1773 2371 hoc
1811 2328 2065 2383 specialiter

248 2400 620 2448 congregatorum
658 2394 702 2436 in
746 2394 999 2436 Natiuitate
1033 2395 1161 2437 beate
1198 2395 1337 2437 marie
1373 2395 1558 2450 virginis
1598 2403 1761 2440 octaua
1793 2397 1862 2440 die
1895 2398 2064 2441 mensis

247 2464 522 2519 Septembris
548 2465 679 2507 Anno
701 2465 869 2508 domini
893 2464 1131 2507 millesimo
1156 2465 1529 2521 Quingentesimo
1552 2466 1726 2510 decimo
1748 2482 1866 2510 nono

421 2591 639 2647 Magister
659 2592 841 2635 thomas
864 2593 1090 2635 chawmer
1111 2599 1294 2636 curatus
1317 2595 1370 2636 de
1391 2593 1614 2637 Abirdene
1638 2609 1775 2638 manu
1797 2595 1974 2651 propria

421 2662 638 2717 Magister
662 2664 855 2706 Ioannes
877 2665 1031 2719 byssat
1055 2663 1145 2706 ludi
1164 2664 1448 2719 grammatici
1471 2671 1617 2708 rector
1639 2680 1775 2709 manu
1797 2666 1974 2721 propria

419 2731 627 2775 dominus
652 2734 878 2776 Iohannes
900 2735 1072 2777 Wauss
1095 2748 1231 2777 manu
1255 2735 1432 2790 propria

419 2802 627 2846 dominus
651 2805 878 2848 Iohannes
899 2805 981 2861 fyff
998 2820 1134 2848 manu
1158 2805 1336 2860 propria

417 2873 626 2917 dominus
648 2875 782 2918 dauid
804 2877 975 2920 Wauss
998 2891 1135 2937 manu
1157 2875 1335 2931 propria

417 2944 625 2988 dominus
647 2945 908 2990 Willelmus
930 2946 1102 3002 philipp
1125 2948 1180 2989 ad
1203 2946 1285 2989 hec
1308 2960 1445 2989 manu
1468 2945 1646 3002 propria

1132 3017 1162 3046 U

2109 564 2166 598 fol.
2186 565 2246 598 611
