2524 3418
207 2596 263 2628 sol.
283 2599 321 2629 69
332 2597 344 2618 ²

207 2673 376 2706 Fundatio
397 2675 469 2707 Ma-

206 2717 300 2757 gistri
318 2718 432 2750 thome

207 2760 316 2791 Waus
338 2762 426 2802 apud

207 2803 311 2835 altare
330 2805 446 2836 Sancti

206 2848 340 2888 martinj

500 342 581 384 174
1044 329 1255 371 Fundatio
1286 329 1470 370 Dauidis
1501 329 1746 370 Andersomz

496 444 635 487 Cuius
658 445 718 486 rei
742 443 1047 486 testimonium
1079 443 1283 496 Sigillum
1308 457 1455 484 meum
1489 442 1714 496 proprium
1737 457 1927 485 vnacum
1951 458 2050 485 mea
2073 443 2291 498 subscrip-

494 514 614 556 tione
638 514 833 555 manuali
867 527 1038 554 necnon
1073 512 1277 565 Sigillum
1312 512 1583 554 honorabilis
1614 512 1694 553 viri
1724 513 1876 554 thome
1906 513 2142 555 Chawmer
2161 512 2291 575 vni-us

496 584 758 625 balliuorum
797 583 901 624 dicti
941 582 1065 636 burgi
1108 597 1158 624 ac
1197 581 1365 624 datoris
1403 582 1550 624 sasine
1587 582 1840 624 huiusmodi
1876 583 2155 637 presentibus
2188 589 2291 625 sunt

494 667 691 707 appensa
715 654 842 706 Apud
866 652 1074 693 abirdene
1103 651 1318 705 vigesimo
1341 651 1530 705 septimo
1563 651 1632 693 die
1655 651 1822 693 mensis
1845 652 1947 706 maij
1972 653 2101 694 Anno
2124 652 2291 694 domini

495 722 730 762 millesimo
767 721 1124 775 quingentesimo
1157 721 1385 775 trigesimo
1421 722 1554 763 Sexto
1592 723 1752 764 Coram
1790 722 1980 763 testibus
2016 721 2212 776 prouidis
2248 728 2291 763 et

494 791 696 832 discretis
737 791 841 831 viris
885 791 1083 832 Iohanne
1126 791 1212 845 hay
1256 792 1455 832 Iohanne
1493 793 1708 833 brabaner
1745 792 1944 834 Iohanne
1981 792 2094 834 mair
2130 792 2291 834 seniori

494 861 742 901 Alexandro
765 861 1010 901 andersone
1038 860 1128 901 filio
1151 874 1250 901 meo
1277 860 1432 902 thoma
1462 875 1646 915 mengze
1676 862 1968 915 burgensibus
1989 863 2042 904 de
2064 863 2294 904 Aberdene

494 929 672 970 domino
711 930 910 970 Iohanne
946 944 1081 971 vauss
1119 930 1362 984 Capellano
1398 931 1552 972 thoma
1591 931 1702 972 blair
1734 931 1968 985 sergiando
2003 938 2046 972 et
2081 931 2294 986 magistro

496 999 695 1039 Iohanne
718 998 976 1040 nicholsone
999 999 1173 1040 notario
1196 999 1372 1053 publico
1394 1014 1495 1041 curn
1519 1000 1707 1042 diuersis
1729 1000 1832 1054 alijs
1854 1008 1924 1042 etc

669 1081 766 1122 Hec
810 1087 875 1122 est
916 1095 1019 1122 vera
1062 1080 1201 1135 Copia
1243 1081 1502 1135 principalis
1544 1088 1663 1124 carte
1704 1081 1986 1124 fundacionis
2027 1081 2215 1136 Copiata
2252 1086 2295 1123 et

666 1149 961 1192 collacionata
983 1165 1060 1204 per
1091 1165 1161 1192 me
1187 1151 1453 1205 Magistrum
1487 1152 1688 1194 thomam
1721 1167 1867 1207 zoung
1893 1153 2129 1195 Notarium
2153 1151 2294 1208 publi-

666 1233 767 1261 cum
790 1219 851 1260 nil
875 1221 1076 1261 addendo
1099 1234 1180 1261 nec
1209 1220 1496 1263 diminuendo
1529 1223 1644 1276 quod
1675 1221 1780 1276 factj
1815 1221 2120 1264 substanciam
2150 1227 2292 1264 mutet

666 1290 742 1330 sed
765 1289 996 1344 principali
1020 1289 1064 1330 in
1087 1289 1293 1331 omnibus
1316 1292 1592 1333 concordans
1614 1293 1694 1334 sub
1714 1291 1825 1333 meis
1848 1291 1985 1346 Signo
2008 1298 2050 1334 et
2073 1291 2292 1347 subscrip-

665 1358 786 1400 tione
809 1359 1093 1401 manualibus
1115 1359 1159 1400 in
1183 1360 1490 1402 consimilibus
1511 1361 1737 1403 consuetis
1759 1368 1801 1403 et
1823 1361 2000 1403 vsitatis

550 1109 592 1380 uqumfiontffl

782 1442 852 1483 Ita
874 1448 941 1482 est
963 1442 1142 1483 thomas
1163 1443 1322 1497 Zoung
1345 1442 1559 1485 Notarius
1581 1444 1636 1485 ad
1658 1443 1875 1498 premissa
1899 1444 2037 1485 Manu
2059 1442 2235 1498 propria

726 1523 941 1578 Magister
962 1524 1141 1566 thomas
1163 1525 1386 1567 chawmer
1407 1532 1588 1567 curatus
1610 1526 1663 1567 de
1684 1525 1904 1568 Abirdene
1927 1540 2062 1568 manu
2084 1525 2260 1581 propria

724 1594 931 1636 dominus
953 1595 1086 1637 dauid
1109 1596 1278 1638 Wauss
1301 1611 1436 1638 manu
1459 1596 1635 1651 propria

723 1663 929 1706 dominus
953 1665 1178 1707 Iohannes
1199 1665 1280 1720 fyff
1297 1680 1432 1708 manu
1454 1666 1630 1720 propria

724 1733 932 1776 dominus
953 1734 1212 1777 Willelmus
1235 1736 1410 1790 Couper
1432 1737 1487 1777 ad
1509 1736 1590 1777 hec
1614 1750 1750 1777 manu
1772 1735 1950 1790 propria

724 1803 931 1845 dominus
953 1804 1211 1847 'Willelmus
1233 1805 1419 1859 philippj
1445 1806 1501 1847 ad
1523 1805 1605 1847 hec
1628 1820 1764 1848 manu
1788 1805 1964 1860 propria

722 1873 929 1915 dominus
952 1874 1084 1916 dauid
1108 1874 1286 1917 lorimer
1309 1890 1444 1918 manu
1467 1875 1644 1931 propria

723 1943 930 1985 dominus
953 1944 1190 1987 alexander
1211 1946 1470 1987 robertsone
1493 1960 1629 1988 manu
1651 1945 1829 2000 propria

725 2013 794 2054 Ita
817 2020 883 2055 est
907 2014 1120 2069 magister
1142 2015 1400 2058 Willelmus
1423 2016 1640 2058 meldrum
1665 2030 1801 2058 manu
1822 2015 1998 2071 propria

723 2082 929 2124 dominus
951 2083 1206 2126 allexander
1227 2085 1477 2127 andersoun
1501 2099 1637 2127 manu
1658 2084 1836 2140 propria

725 2153 932 2196 dominus
957 2155 1181 2198 Iohannes
1203 2157 1480 2212 goldsmytht
1505 2171 1640 2199 manu
1663 2157 1840 2212 propria

725 2223 933 2265 dominus
957 2225 1182 2267 Iohannes
1204 2227 1350 2269 Waus
1373 2241 1509 2269 manu
1531 2226 1709 2281 propria

727 2292 933 2335 dominus
956 2296 1145 2337 andreas
1167 2296 1337 2338 Wauss
1359 2311 1495 2339 manu
1517 2296 1694 2351 propria

1085 2390 1112 2430 I
1112 2403 1140 2430 n
1151 2389 1260 2444 solio
1282 2390 1336 2445 69
1350 2390 1365 2414 ¹
1385 2390 1494 2432 nihil
1513 2391 1709 2446 scriptum

1319 2506 1494 2549 XCIII.

628 2592 875 2635 MNIBUS
941 2594 1270 2638 cristifidelibus
1327 2597 1443 2639 hanc
1509 2602 1679 2638 cartam
1734 2595 1894 2638 visuris
1947 2595 2016 2637 vel
2066 2593 2298 2637 Audituris

683 2661 895 2715 magister
941 2663 1120 2705 thomas
1161 2666 1330 2707 Wauss
1370 2672 1603 2720 precentor
1643 2665 1936 2707 morauiensis
1971 2679 2023 2707 ac
2059 2664 2300 2707 canonicus

500 2728 807 2772 abirdonensis
846 2732 1036 2774 salutern
1075 2735 1127 2775 In
1165 2735 1344 2777 domino
1386 2735 1704 2789 sempiternam
1743 2735 1971 2777 Noueritis
2007 2749 2078 2776 me
2113 2734 2158 2775 in
2195 2747 2299 2788 aug-

501 2807 702 2840 mentum
735 2801 881 2843 cultus
913 2802 1049 2857 diuinj
1085 2810 1127 2845 et
1159 2819 1237 2858 pro
1267 2806 1411 2847 salute
1443 2805 1591 2847 anime
1623 2820 1720 2847 mee
1752 2812 1795 2846 et
1831 2805 2083 2847 animarum
2117 2803 2300 2846 Ioannis

502 2868 670 2910 Wauss
708 2871 854 2912 Patris
887 2873 972 2926 mej
1011 2880 1054 2914 et
1089 2875 1303 2917 marioree
1339 2877 1509 2918 Wauss
1546 2875 1703 2917 matris
1740 2889 1837 2917 mee
1872 2875 2061 2917 fratrum
2098 2887 2298 2916 sororum

501 2940 931 2994 consanguineorum
976 2957 1174 2986 meorum
1217 2952 1259 2987 et
1296 2946 1496 2988 omnium
1539 2946 1735 2987 fidelium
1778 2945 2086 2987 defunctorum
2127 2942 2301 2986 dedisse
