2524 3418
180 956 237 988 sol.
255 954 316 987 33¹

471 311 522 351 82.
1022 304 1221 346 Redditus
1252 301 1398 344 altaris
1430 301 1575 344 Sancti
1605 301 1734 342 crucis

473 425 566 467 sine
599 423 920 478 impedimento
954 418 1133 474 aliquali
1172 422 1401 459 remaneat
1435 430 1583 458 coram
1617 415 1807 458 testibus
1839 420 1881 456 et
1914 411 2087 456 notario
2120 426 2271 467 supra-

474 494 651 550 scriptis
672 495 735 536 &c

589 565 776 606 Summa
798 560 930 603 huius
953 556 1197 613 capellanie
1220 556 1259 611 vj
1286 556 1345 599 lib
1371 570 1397 598 x
1413 569 1433 597 5
1458 554 1531 609 viij
1549 556 1576 597 d

1301 751 1445 793 XLV.

997 843 1208 886 Fundatio
1239 842 1432 897 magistri
1463 841 1591 883 thome
1627 841 1754 883 Waus

605 939 876 984 UONDAM
910 938 1023 981 bone
1051 934 1263 978 memorie
1289 934 1505 989 Magister
1531 934 1711 976 thomas
1733 933 1878 976 Waus
1906 936 2140 986 precentor
2167 944 2281 973 mor-

506 1048 585 1075 Ν
660 1006 855 1050 auiensis
886 1004 1058 1048 dotauit
1088 1004 1227 1047 altare
1259 1003 1412 1058 Sanctj
1444 1003 1622 1057 martinj
1654 1017 1755 1045 cum
1789 1017 1875 1044 vno
1911 1015 2060 1044 annuo
2087 999 2283 1042 Redditu

479 1077 773 1135 quadraginta
795 1075 1036 1118 solidorum
1064 1080 1242 1116 monete
1271 1073 1409 1115 scotie
1437 1072 1669 1115 annuatim
1699 1072 1889 1114 leuando
1911 1072 1964 1113 de
1986 1077 2103 1112 terra
2130 1069 2283 1111 thome

479 1150 624 1192 XVaus
647 1147 828 1188 Iacente
851 1144 962 1187 infra
984 1143 1153 1187 dictum
1176 1143 1364 1197 burgum
1387 1148 1430 1184 et
1453 1141 1681 1196 proposuit
1704 1139 1999 1195 capellaniam
2022 1143 2282 1194 perpetuam

480 1219 663 1261 fundare
687 1217 762 1258 sed
785 1214 930 1257 medio
953 1220 1152 1268 tempore
1174 1212 1292 1255 viam
1318 1211 1522 1254 vniuerse
1546 1210 1706 1254 Carnis
1730 1211 1965 1265 Ingressus
1987 1214 2053 1251 est

597 1288 784 1329 Summa
810 1283 942 1326 huius
968 1283 1042 1325 xls

1297 1408 1468 1450 XLVI.

1027 1501 1228 1543 Redditus
1259 1500 1406 1542 altaris
1438 1499 1586 1542 Sancte
1618 1498 1747 1540 crucis

495 1599 590 1704 IN
617 1598 760 1653 primo
782 1598 836 1639 de
858 1602 976 1638 terra
1000 1592 1214 1636 Iohannis
1245 1592 1392 1634 fechat
1423 1604 1556 1645 quam
1586 1595 1709 1632 tenet
1736 1588 1835 1632 vico
1857 1588 2081 1644 superiore
2103 1588 2290 1631 ecclesie

609 1667 682 1722 xiij
701 1681 722 1708 5
753 1665 813 1719 iiij
831 1666 858 1707 d
892 1665 1008 1706 Item
1037 1662 1082 1703 in
1112 1662 1267 1703 eodem
1298 1660 1397 1702 vico
1428 1661 1482 1702 de
1512 1665 1630 1702 terra
1659 1658 1814 1700 thome
1839 1657 1972 1701 dauid
2000 1671 2063 1700 vs
2096 1658 2212 1699 Item
2245 1657 2291 1700 in

485 1739 639 1781 eodem
672 1736 771 1779 vico
799 1736 853 1778 de
880 1740 998 1776 terra
1027 1730 1235 1786 staphanj
1266 1729 1345 1772 filii
1379 1728 1595 1772 Iohannis
1619 1742 1682 1770 vs
1714 1729 1830 1770 Item
1859 1727 1904 1770 in
1934 1728 2090 1770 eodem
2110 1727 2209 1770 vico
2237 1729 2292 1771 de

485 1815 603 1851 terra
627 1806 839 1861 Richardj
863 1804 1012 1847 fechat
1044 1802 1101 1857 xij
1120 1803 1147 1845 d
1180 1803 1295 1844 Item
1328 1802 1381 1843 de
1413 1806 1531 1843 terra
1562 1799 1716 1842 thome
1741 1798 1831 1841 lam
1853 1799 1896 1840 xl
1912 1799 1938 1841 d
1962 1800 2077 1841 Item
2100 1799 2154 1842 de
2174 1803 2294 1842 terra

487 1877 703 1922 Iohannis
736 1882 891 1929 strang
923 1888 1057 1929 quam
1091 1872 1342 1914 Alexander
1374 1884 1552 1925 moyses
1593 1869 1727 1911 habet
1764 1883 1848 1923 que
1886 1874 1953 1911 est
1988 1875 2107 1912 terra
2139 1869 2293 1911 thome

486 1950 649 1992 molsat
681 1947 765 2002 iijs
803 1947 919 1988 Item
953 1945 1007 1987 de
1039 1949 1159 1985 terra
1193 1940 1413 1985 Willelmi
1450 1940 1582 1995 sperk
1615 1939 1728 1994 xiijs
1759 1939 1819 1994 iiij
1839 1940 1866 1982 d
1903 1941 2018 1981 Item
2055 1940 2109 1981 de
2145 1939 2294 1982 bothis

485 2020 639 2062 thome
670 2015 862 2059 blinseill
894 2013 935 2069 vj
954 2028 974 2055 s
1005 2012 1078 2067 viij
1097 2013 1124 2054 d
1158 2013 1274 2053 Item
1307 2012 1360 2053 de
1386 2016 1505 2053 terra
1533 2008 1750 2052 Iohannis
1780 2023 1888 2064 gray
1915 2009 1956 2063 vj
1975 2023 1995 2050 s
2025 2008 2143 2063 viijd
2177 2009 2293 2051 Item

487 2091 541 2132 de
576 2095 694 2130 terra
737 2083 952 2128 Iohannis
988 2082 1066 2125 filii
1107 2082 1283 2124 Andree
1319 2080 1387 2135 ijs
1424 2081 1540 2122 Item
1577 2080 1630 2122 de
1665 2085 1785 2121 terra
1820 2079 1995 2120 Andree
2030 2079 2176 2121 Waus
2212 2077 2296 2133 iijs

488 2157 602 2212 xxxij
623 2158 649 2198 d
691 2161 820 2197 vasta
862 2155 978 2195 Item
1015 2153 1069 2194 de
1104 2158 1222 2193 terra
1257 2150 1411 2192 thome
1447 2148 1554 2192 both
1596 2148 1667 2203 ijs
1711 2149 1827 2189 Item
1861 2148 1915 2190 de
1950 2153 2067 2190 terra
2110 2148 2293 2203 Robertj

488 2228 567 2270 filii
600 2228 695 2269 Ade
725 2225 806 2280 vjs
835 2223 953 2278 viijd
989 2224 1104 2264 Item
1141 2222 1194 2263 de
1229 2221 1391 2263 croftro
1428 2220 1544 2274 quod
1580 2218 1740 2260 fratres
1776 2216 2107 2260 carmelitarum
2140 2223 2296 2260 tenent

489 2299 533 2354 iij
555 2313 575 2340 s
611 2297 656 2339 in
686 2296 784 2338 vico
815 2294 941 2348 viridj
977 2292 1022 2335 in
1054 2291 1318 2345 occidentalj
1355 2295 1480 2345 parte
1512 2290 1564 2332 de
1593 2289 1633 2330 le
1662 2288 1914 2331 deneburne
1947 2288 2062 2329 Item
2095 2288 2148 2330 de
2179 2293 2298 2330 terra

491 2366 683 2422 duncanj
717 2366 856 2420 heruy
881 2363 954 2418 viij
973 2378 994 2405 5
1027 2363 1087 2405 Et
1109 2362 1154 2403 in
1176 2368 1376 2415 tempore
1409 2373 1508 2401 meo
1539 2358 1686 2412 recepi
1709 2358 1761 2400 de
1783 2357 1860 2400 illa
1890 2362 2009 2399 terra
2039 2356 2108 2411 xvj
2127 2371 2148 2398 5
2181 2358 2296 2399 Item

493 2506 662 2561 scrogis
694 2506 750 2548 ad
786 2504 920 2546 finem
953 2502 1088 2545 castri
1116 2507 1245 2544 vasta
1278 2500 1346 2555 ijs
1379 2501 1494 2542 Item
1529 2499 1582 2541 de
1615 2504 1732 2540 terra
1768 2497 1983 2539 Iohannis
2014 2497 2092 2539 filii
2126 2497 2295 2553 henricj

493 2577 538 2619 in
560 2576 657 2618 vico
689 2576 742 2617 de
773 2574 869 2628 futy
894 2573 937 2628 iij
957 2587 978 2614 s
1003 2579 1046 2614 et
1069 2571 1247 2626 quidem
1279 2569 1425 2625 recepi
1450 2569 1507 2624 vij
1527 2583 1547 2611 s
1581 2569 1696 2610 Item
1720 2569 1772 2611 de
1801 2574 1918 2610 terra
1942 2567 2158 2610 Iohannis
2185 2567 2299 2611 Reid

495 2645 618 2687 iuxta
651 2642 781 2686 cokik
807 2642 863 2696 xij
883 2643 909 2684 d
942 2642 1058 2683 Item
1093 2642 1145 2683 de
1182 2646 1299 2682 terra
1334 2638 1549 2682 Iohannis
1583 2637 1752 2692 scrogis
1786 2638 1841 2680 ad
1872 2637 2007 2679 finem
2042 2637 2176 2692 castrj
2214 2637 2299 2680 xld

497 2719 612 2760 Item
654 2717 707 2757 de
747 2720 865 2756 terra
906 2711 1078 2766 phillipi
1112 2711 1191 2753 filii
1224 2711 1398 2752 Andree
1432 2710 1513 2752 sub
1555 2709 1665 2763 pede
1702 2707 1868 2750 montis
1905 2707 2039 2762 castrj
2078 2707 2145 2762 ijs
2183 2708 2298 2750 Item

497 2788 550 2828 de
586 2785 662 2826 illa
702 2790 821 2825 terra
861 2783 916 2824 ad
953 2781 1092 2823 altare
1129 2779 1282 2834 Sanctj
1324 2777 1475 2822 Iaeobi
1511 2777 1581 2833 ijs
1617 2791 1670 2820 ex
1706 2777 1951 2820 donacione
1986 2775 2179 2821 Walteri
2220 2775 2299 2818 filii

501 2853 682 2907 Robertj

616 2923 803 2966 Summa
824 2919 956 2962 huius
979 2918 1185 2962 Rentalis
1210 2917 1270 2972 iiij
1295 2918 1355 2960 lib
1380 2916 1482 2973 xviij
1501 2931 1522 2958 s
1542 2916 1615 2972 viij
1633 2917 1659 2958 d
