2524 3418
490 327 570 383 156
871 327 1084 371 Fundatio
1115 325 1323 385 hospitalis
1355 326 1501 371 Sancti
1534 327 1682 371 Thome
1711 327 1897 372 martiris

487 443 730 487 canonicus
760 445 913 486 volens
945 446 1078 486 dante
1110 446 1192 486 deo
1224 450 1378 486 sancte
1411 444 1567 486 matris
1590 444 1775 486 ecclesie
1802 445 1972 487 cultum
1999 446 2213 500 ampliare
2244 452 2287 488 et

487 528 648 569 augere
673 515 724 556 In
749 514 833 556 mei
856 514 1015 568 notarij
1041 513 1204 568 publici
1227 520 1269 556 et
1299 514 1481 556 testium
1505 514 1887 569 infrascriptorum
1921 515 2144 570 presentia
2166 515 2286 558 dedit

487 584 708 626 concessit
731 591 773 625 et
796 583 1041 637 assignauit
1060 597 1215 625 omnes
1237 590 1279 625 et
1303 583 1502 638 singulas
1528 590 1670 625 terras
1693 597 1796 625 suas
1814 590 1856 625 et
1875 590 2131 627 tenementa
2152 591 2287 628 terra-

487 667 584 695 rum
618 667 797 695 suarum
834 653 1033 695 Iacentia
1065 653 1178 695 infra
1209 655 1398 708 burgum
1431 655 1484 695 de
1517 653 1724 695 abirdene
1754 668 1806 695 ex
1838 660 1964 708 parte
1996 655 2180 697 australi
2201 655 2286 698 vici

486 722 740 765 inferiorum
774 722 864 777 [sic]
896 722 1081 765 ecclesie
1107 723 1304 765 eiusdem
1337 723 1452 765 inter
1482 730 1724 765 torrentem
1757 723 1851 765 siue
1883 725 2183 778 aqueductum
2213 725 2286 779 qui

485 792 676 834 decurrit
709 807 734 835 a
767 793 980 847 superiori
1013 794 1267 836 molendino
1293 793 1399 836 dicti
1427 794 1552 849 burgi
1575 808 1627 835 ex
1659 800 1784 848 parte
1817 793 2019 836 orientali
2052 808 2104 836 ex
2125 808 2212 837 vna
2243 801 2286 837 et

485 876 769 904 communem
791 862 1001 905 vinellam
1025 878 1108 918 que
1132 871 1198 906 est
1232 878 1284 906 ex
1316 863 1519 906 orientali
1552 871 1676 918 parte
1709 863 1913 905 cimiterii
1945 863 2131 906 ecclesie
2162 878 2287 918 paro-

484 931 644 974 chialis
675 932 792 974 beati
816 932 1024 987 nicholaij
1060 933 1166 975 dicti
1199 934 1324 988 burgi
1351 934 1551 988 partibus
1573 948 1626 976 ex
1658 934 1798 976 altera
1820 940 1948 988 prout
1972 948 2018 976 se
2042 935 2286 976 extendunt

483 1015 509 1042 a
538 1001 656 1043 dicto
688 1001 891 1044 inferiore
922 1002 1020 1045 vico
1052 1004 1237 1045 ecclesie
1259 1018 1414 1045 versus
1446 1005 1624 1046 boream
1656 1018 1793 1058 vsque
1826 1005 1881 1045 ad
1913 1010 2076 1046 terram
2105 1004 2287 1046 Ioannis

483 1069 726 1124 howysoun
749 1071 982 1126 burgensis
1005 1073 1110 1114 dicti
1144 1073 1269 1128 burgi
1291 1088 1446 1115 versus
1468 1080 1670 1116 austrum
1694 1075 1749 1116 ad
1780 1088 1917 1115 vnum
1941 1073 2161 1128 hospitale
2184 1088 2286 1116 con-

482 1141 743 1182 struendum
767 1142 821 1183 ob
848 1141 1061 1183 honorem
1085 1142 1404 1197 omnipotentis
1437 1143 1505 1185 dei
1538 1150 1580 1185 et
1603 1145 1731 1186 beate
1754 1143 1892 1185 marie
1913 1143 2099 1198 virginis
2130 1143 2286 1186 matris

482 1223 559 1250 sue
590 1209 881 1264 glorisissime
904 1226 955 1254 ae
978 1212 1178 1254 omnium
1202 1220 1459 1255 sanctorum
1484 1219 1526 1255 et
1551 1213 1804 1268 specialiter
1826 1215 1881 1256 ob
1903 1213 2117 1256 honorem
2141 1213 2285 1256 sancti

481 1279 634 1321 thome
666 1281 873 1323 marteris
904 1296 982 1336 pro
1004 1282 1258 1337 receptione
1290 1298 1536 1338 pauperum
1570 1290 1613 1325 et
1646 1283 1922 1325 infirmorum
1947 1284 2003 1326 ad
2035 1282 2284 1338 predictum

481 1348 702 1404 hospitale
744 1351 1154 1406 superuenientium
1197 1352 1517 1407 Cuiusquidem
1559 1352 1796 1407 hospitalis
1846 1358 2063 1394 terrarum
2105 1358 2148 1394 et
2187 1365 2286 1407 pos-

481 1418 726 1461 sessionem
749 1420 893 1462 eidem
916 1421 1247 1476 assignatarum
1281 1428 1323 1464 et
1357 1421 1728 1477 assignandarum
1761 1435 1934 1464 necnon
1964 1435 2208 1476 pauperum
2241 1427 2284 1463 et

479 1487 755 1532 infirmorum
779 1489 887 1533 inibi
909 1498 1009 1546 post
1043 1491 1421 1534 constructionem
1454 1491 1739 1533 existentium
1771 1490 2001 1533 dominum
2036 1490 2283 1533 Iohannem

480 1558 704 1601 chawmer
734 1559 779 1601 in
812 1561 1077 1616 magistrum
1101 1568 1143 1603 et
1166 1569 1384 1604 rectorem
1407 1561 1577 1604 creauit
1599 1568 1642 1604 et
1665 1561 1888 1604 ordinauit
1918 1560 2001 1603 sibi
2023 1575 2108 1615 que
2139 1560 2284 1615 capel-

479 1628 645 1671 laniam
669 1629 868 1673 eiusdem
891 1631 1010 1674 dedit
1033 1638 1076 1673 et
1101 1633 1436 1687 Imperpetuum
1460 1631 1708 1686 assignauit
1738 1633 1815 1673 Ius
1837 1637 1987 1673 autem
2019 1636 2285 1685 patronatus

479 1698 725 1752 capellanie
757 1699 864 1742 dicti
886 1700 1122 1755 hospitalis
1154 1708 1254 1755 post
1277 1703 1509 1744 decessum
1533 1716 1662 1743 suum
1695 1707 1738 1743 et
1767 1700 1874 1743 dicti
1906 1699 2074 1743 domini
2101 1699 2284 1743 Ioannis

478 1767 534 1808 ad
566 1767 840 1822 prepositum
873 1775 916 1811 et
949 1770 1321 1812 communitatem
1345 1770 1452 1812 dicti
1483 1770 1608 1825 burgi
1640 1769 1802 1812 futuris
1833 1769 2109 1824 temporibus
2143 1768 2283 1811 voluit

478 1843 680 1890 spectare
701 1844 744 1880 et
767 1837 987 1892 pertinere
1011 1840 1201 1894 Insuper
1222 1839 1365 1882 eidem
1395 1839 1576 1882 domino
1604 1838 1795 1882 Iohanni
1817 1839 1937 1881 dedit
1959 1845 2002 1881 et
2034 1838 2283 1893 assignauit

478 1919 634 1948 omnes
672 1914 714 1949 et
749 1907 950 1962 singulas
982 1915 1124 1951 terras
1157 1916 1200 1951 et
1233 1916 1492 1952 tenementa
1526 1909 1752 1952 antedicta
1781 1923 1868 1951 vna
1901 1923 2002 1951 cum
2035 1908 2111 1951 illo
2133 1923 2282 1951 annuo

476 1976 652 2018 redditu
684 1991 764 2019 suo
787 1979 1035 2021 octodecim
1068 1979 1311 2022 solidorum
1334 1980 1506 2035 argenti
1539 1986 1728 2022 exeunte
1761 1979 1993 2022 annuatim
2016 1985 2060 2022 et
2092 1979 2282 2022 leuando

477 2045 530 2087 de
566 2051 684 2088 terra
723 2047 906 2090 Ioannis
939 2048 1194 2091 barlotsone
1230 2050 1412 2092 Iacente
1446 2049 1491 2091 in
1526 2063 1638 2091 cono
1670 2048 1756 2091 vici
1790 2048 1937 2092 Castri
1969 2048 2084 2090 inter
2115 2055 2280 2091 terram

475 2114 652 2169 gilberti
688 2117 862 2159 Wauce
899 2131 952 2160 ex
993 2126 1119 2173 parte
1160 2119 1347 2162 australi
1387 2133 1441 2161 ex
1480 2133 1567 2161 vna
1609 2125 1652 2162 et
1688 2126 1853 2161 terram
1893 2118 2076 2162 Ioannis
2116 2119 2280 2162 andree

475 2197 528 2225 ex
579 2191 705 2239 parte
756 2187 923 2229 boreali
965 2189 1167 2242 partibus
1216 2191 1272 2232 ab
1313 2189 1454 2232 altera
1495 2190 1683 2232 Necnon
1726 2204 1827 2232 cum
1874 2189 1949 2232 illo
1991 2204 2140 2232 annuo
2185 2190 2280 2232 red-

475 2253 571 2296 ditu
595 2268 675 2296 suo
698 2270 775 2297 sex
797 2256 1039 2299 solidorum
1062 2264 1105 2300 et
1127 2265 1228 2301 octo
1251 2258 1532 2301 denariorum
1557 2264 1745 2300 exeunte
1768 2257 2000 2300 annuatim
2023 2264 2067 2300 et
2089 2258 2279 2301 leuando

476 2322 529 2363 de
551 2329 669 2365 terra
692 2323 860 2366 henrici
893 2326 1079 2369 Walcar
1111 2329 1294 2370 Iacente
1316 2343 1369 2370 ex
1391 2335 1516 2384 parte
1549 2328 1714 2372 boreali
1745 2328 1814 2370 vie
1846 2327 2063 2371 inferioris
2094 2329 2280 2372 ecclesie

475 2391 698 2445 sepedicto
746 2393 943 2437 eiusdem
987 2396 1113 2451 burgi
1149 2396 1265 2438 inter
1305 2404 1471 2440 terram
1515 2397 1698 2440 Ioannis
1739 2397 2020 2439 crukschank
2061 2412 2113 2440 ex
2153 2405 2278 2453 parte

473 2460 677 2504 orientali
700 2476 752 2504 ex
782 2478 870 2506 vna
891 2471 934 2507 et
965 2472 1130 2508 terram
1153 2467 1306 2509 findlai
1338 2467 1529 2510 fleschar
1550 2482 1603 2509 ex
1624 2474 1749 2522 parte
1780 2467 2046 2510 occidentali
2077 2468 2278 2523 partibus

473 2530 528 2572 ab
551 2530 691 2574 altera
709 2547 820 2586 quos
841 2533 996 2577 habuit
1015 2549 1068 2577 ex
1085 2550 1207 2578 mero
1230 2543 1477 2591 conquestu
1499 2536 1767 2578 alienatione
1785 2543 1828 2578 et
1845 2535 2099 2578 venditione
2116 2537 2278 2579 andree

472 2613 581 2654 gray
603 2601 790 2644 Necnon
813 2617 914 2645 cum
947 2604 1023 2646 illo
1047 2619 1195 2648 annuo
1217 2607 1392 2649 redditu
1425 2621 1505 2648 suo
1528 2621 1604 2648 sex
1630 2620 1881 2648 marcarum
1903 2605 2071 2648 vsualis
2100 2612 2278 2648 monete

473 2670 611 2712 scotie
645 2679 833 2715 exeunte
871 2675 1104 2718 annuatim
1139 2682 1182 2718 et
1212 2676 1403 2719 leuando
1435 2677 1487 2718 de
1518 2675 1648 2718 terris
1677 2677 1730 2718 de
1762 2675 1986 2718 mondinis
2021 2675 2277 2718 lacentibus

471 2737 584 2782 infra
620 2741 983 2786 vicecomitatum
1030 2747 1084 2788 de
1130 2746 1375 2801 kyncardin
1413 2761 1544 2801 quem
1586 2746 1741 2788 habuit
1779 2761 1832 2788 ex
1867 2761 1989 2789 mero
2030 2751 2276 2800 conquestu

471 2809 739 2854 alienatione
771 2820 814 2855 et
839 2815 1094 2857 venditione
1126 2816 1366 2859 alexander
1397 2818 1449 2859 de
1481 2816 1712 2871 petkarine
1744 2818 1797 2859 de
1829 2816 2053 2859 mondinis
2076 2817 2132 2858 ad
2165 2815 2276 2857 cele-

471 2876 688 2921 brandum
711 2879 755 2922 in
787 2882 906 2925 dicto
938 2884 1149 2939 hospitali
1183 2887 1428 2928 secundum
1461 2885 1799 2940 dispositionem
1833 2885 2028 2941 corporis
2059 2891 2102 2928 et
2137 2883 2274 2928 animi

470 2946 538 2989 sui
560 2962 638 3003 pro
660 2950 896 2995 animabus
927 2954 1095 2997 domini
1127 2955 1268 2997 nostri
1291 2956 1407 3012 regis
1431 2956 1582 3000 Iacobi
1612 2956 1811 2999 moderni
1843 2954 2069 2999 alexandri
2094 2960 2274 2997 stewart
