2524 3418
795 306 961 348 Statu-ta
993 304 1039 346 de
1070 303 1373 359 capellanorum
1403 301 1584 343 moribus
2014 299 2093 342 261

276 436 353 477 per
383 421 603 476 prefatum
626 420 841 462 vicarium
870 427 912 462 et
943 419 1199 474 capellanos
1231 418 1354 460 chori
1387 415 1600 460 antedicti
1631 414 1831 468 vnanimj
1867 429 2088 456 consensu

276 491 455 534 condita
479 491 764 533 confirmaret
789 497 830 532 et
854 491 1010 532 eadem
1029 496 1150 532 certa
1167 503 1283 543 pena
1299 488 1466 530 vallare
1485 500 1673 541 quorum
1698 484 1876 540 quidem
1901 491 2089 527 statuto-

275 575 373 602 rum
395 567 574 602 tenores
596 566 844 614 sequuntur
864 559 978 601 tales

393 631 445 671 In
468 629 625 684 primis
659 629 823 671 Prefati
856 628 1064 671 dominus
1094 627 1289 669 vicarius
1321 633 1364 668 et
1398 624 1616 680 capellanj
1644 622 1882 678 subscripti
1916 623 2088 665 ordina-

276 706 436 741 uerunt
460 706 503 741 et
527 705 780 741 statuerunt
804 705 851 740 ut
875 698 1086 752 deinceps
1109 696 1328 751 capellani
1352 695 1463 737 infra
1487 695 1656 736 dictum
1680 694 1865 735 chorum
1888 699 2089 746 tempore

276 768 528 811 diuinorum
566 775 739 811 attente
777 769 1012 810 attendant
1051 768 1106 809 ad
1143 767 1344 808 diuinum
1383 765 1621 807 seruicium
1659 764 1975 806 celebrandum
2011 777 2088 804 seu

275 839 550 880 cantandum
573 846 616 880 et
639 853 728 880 non
751 838 945 880 inuicem
978 837 1319 879 confabulentur
1343 836 1402 876 Et
1427 834 1462 876 si
1487 833 1648 888 aliquis
1671 833 1714 874 in
1738 833 1822 874 hoc
1853 831 2089 886 culpabilis

274 915 428 963 reptus
441 908 571 950 fuerit
587 915 630 950 et
645 914 825 950 notetur
839 908 875 950 si
891 907 973 950 sibi
989 907 1258 961 adiungatur
1272 912 1320 948 ut
1335 905 1453 947 dicat
1470 911 1712 958 antequam
1728 909 1957 944 remoueat
1974 917 2020 943 se
2035 902 2088 943 de

275 979 464 1021 ecclesia
479 979 564 1020 nisi
579 979 838 1021 infirmitate
854 978 1065 1020 astrictus
1078 977 1208 1019 fuerit
1223 991 1360 1018 vnum
1376 982 1643 1017 nocturnum
1660 973 1857 1028 psalterij
1876 971 2085 1025 dominicj

393 1050 509 1091 Item
539 1050 656 1103 quod
678 1048 828 1089 nullus
859 1054 1059 1101 tempore
1092 1045 1344 1087 diuinorum
1378 1044 1562 1085 chorum
1598 1043 1692 1084 sine
1724 1041 1880 1083 habitu
1914 1040 2088 1083 decenti

276 1124 319 1160 et
342 1117 536 1160 clericali
559 1116 835 1171 ingrediatur
857 1116 939 1157 sub
961 1128 1076 1169 pena
1100 1120 1290 1167 quatuor
1312 1111 1594 1154 denariorum

394 1188 509 1229 Item
533 1188 649 1241 quod
674 1185 836 1240 singuli
869 1183 1089 1239 capellanj
1119 1182 1276 1237 prefati
1309 1181 1431 1224 chori
1465 1180 1656 1222 ministri
1681 1179 1875 1234 quolibet
1903 1180 2089 1221 sabbato

277 1256 512 1298 matutinis
534 1255 673 1297 finitis
697 1254 851 1296 statim
876 1254 1009 1296 simul
1045 1252 1317 1295 conueniant
1355 1251 1399 1292 in
1438 1250 1633 1305 capitulo
1666 1249 1783 1291 dicte
1815 1248 2001 1291 ecclesie
2034 1249 2089 1290 ad

276 1326 544 1369 audiendam
567 1325 770 1368 tabulam
795 1324 880 1379 legi
904 1324 1103 1366 defectus
1125 1322 1281 1377 punire
1299 1329 1341 1364 et
1360 1321 1448 1363 alia
1466 1319 1781 1362 concernentia
1804 1319 2088 1360 commodum

276 1402 319 1439 et
335 1396 619 1438 honestatem
636 1396 752 1438 dicte
771 1394 957 1437 ecclesie
974 1409 1052 1448 pro
1068 1408 1147 1448 pro
1168 1393 1260 1446 [sic]
1281 1391 1533 1447 septimana
1547 1391 1696 1432 futura
1714 1389 1934 1445 prouideri
1950 1390 2090 1431 deter-

277 1466 436 1509 minari
455 1473 497 1508 et
515 1465 721 1509 concludi
740 1466 822 1507 sub
840 1479 954 1519 pena
973 1463 1207 1506 duodecim
1231 1461 1514 1504 denariorum
1538 1460 1582 1502 in
1605 1467 1810 1502 curatum
1835 1465 1877 1500 et
1901 1465 2091 1512 quatuor

275 1536 558 1579 denariorum
601 1535 646 1577 in
689 1535 932 1590 quemlibet
975 1534 1258 1588 capellanum
1301 1539 1344 1574 et
1380 1531 1511 1574 Vnius
1548 1530 1715 1584 denarij
1760 1529 1804 1571 in
1847 1528 2088 1583 quemlibet

276 1621 462 1662 puerum
485 1621 564 1662 pro
586 1613 787 1661 tempore
810 1605 1078 1647 existentem

394 1679 510 1720 Item
537 1678 654 1732 quod
687 1676 883 1731 quolibet
907 1676 1093 1718 sabbato
1125 1674 1170 1716 in
1202 1673 1399 1729 capitulo
1429 1672 1651 1727 eligantur
1682 1677 1725 1713 et
1759 1669 2092 1712 constituantur

276 1747 363 1789 duo
386 1753 592 1789 cantores
615 1746 688 1801 qui
710 1746 938 1789 habebunt
970 1745 1168 1800 regimen
1195 1743 1316 1786 chori
1340 1757 1418 1798 pro
1450 1742 1526 1784 illa
1558 1740 1784 1783 ebdomita
1807 1739 1880 1794 qui
1903 1739 2092 1781 fideliter

278 1813 447 1857 similes
483 1815 683 1857 defectus
719 1814 1031 1869 contingentes
1067 1819 1268 1867 tempore
1300 1811 1552 1854 diuinorum
1587 1811 1807 1852 notabunt
1840 1815 1882 1851 et
1915 1809 2015 1851 illos
2046 1808 2091 1850 in

278 1884 476 1939 capitulo
504 1890 547 1926 et
577 1883 776 1926 sabbatis
808 1884 1008 1938 pandant
1041 1896 1119 1924 seu
1151 1881 1344 1923 referant
1377 1886 1419 1922 et
1453 1879 1636 1934 quilibet
1669 1885 1826 1921 cantor
1857 1892 1934 1933 pro
1966 1883 2092 1932 parte

278 1969 356 1996 seu
388 1955 527 1997 latere
559 1969 639 1996 suo
671 1953 844 1996 notabit
878 1953 1078 1995 defectus
1110 1958 1153 1994 et
1187 1951 1392 1993 similiter
1428 1950 1651 2005 eligantur
1682 1947 1933 1991 administri
1967 1947 2089 1990 chori

276 2038 355 2079 pro
378 2023 632 2079 septimana
653 2024 804 2066 futura
825 2021 1064 2076 necessarij

395 2096 510 2137 Item
535 2095 651 2149 quod
674 2093 780 2136 dicti
804 2092 1024 2148 capellanj
1057 2092 1266 2134 absentes
1289 2105 1367 2145 pro
1388 2097 1589 2144 tempore
1612 2095 1654 2131 et
1678 2088 1875 2143 ipsorum
1906 2087 2090 2142 quilibet

277 2171 463 2219 excepta
485 2164 760 2206 infirmitatis
779 2178 915 2206 causa
933 2164 1148 2218 deputent
1167 2170 1209 2204 et
1230 2162 1413 2216 quilibet
1437 2161 1634 2215 ipsorum
1653 2161 1836 2214 deputet
1860 2165 2089 2201 cantorem

280 2234 576 2277 sufficientem
599 2249 677 2289 pro
700 2249 747 2276 se
770 2233 967 2288 alioquin
990 2232 1270 2287 reputabitur
1291 2246 1369 2286 pro
1393 2232 1578 2273 absente

394 2308 510 2359 Item
552 2306 588 2348 si
631 2306 702 2361 quj
748 2304 966 2360 capellanj
1013 2319 1090 2346 seu
1132 2303 1393 2358 capellanus
1434 2308 1635 2356 tempore
1676 2299 1929 2342 diuinorum
1966 2306 2090 2342 extra

279 2375 464 2418 chorum
507 2382 665 2418 exeant
710 2389 788 2416 seu
830 2373 976 2428 quiuis
1019 2387 1171 2415 eorum
1214 2378 1341 2413 exeat
1383 2370 1564 2412 licentia
1606 2369 1789 2411 minime
1830 2368 1971 2423 petita
2012 2375 2089 2410 aut

278 2447 463 2488 obtenta
484 2453 527 2488 et
550 2460 639 2488 non
663 2445 817 2488 statim
840 2450 1090 2487 reuertetur
1118 2442 1203 2485 nisi
1236 2441 1497 2484 infirmitate
1529 2439 1799 2495 impediatur
1829 2444 2091 2493 reputentur

279 2522 321 2558 et
345 2516 529 2571 quilibet
552 2531 705 2558 eorum
727 2522 961 2571 reputatur
982 2529 1060 2570 pro
1088 2515 1273 2557 absente

397 2588 513 2628 Item
547 2586 584 2628 si
616 2586 810 2640 aliquem
843 2586 1065 2628 dictorum
1099 2584 1433 2639 capellanorum
1458 2580 1591 2623 rixari
1613 2587 1815 2635 tempore
1838 2578 2088 2621 diuinorum

279 2656 511 2711 contingat
544 2663 587 2699 et
619 2656 663 2698 in
696 2657 780 2699 hoc
813 2662 996 2698 notatus
1027 2655 1158 2697 fuerit
1191 2668 1269 2708 pro
1292 2652 1488 2707 quolibet
1512 2651 1686 2693 defectu
1710 2649 1957 2692 satisfaciat
1979 2649 2091 2690 duos

280 2726 445 2768 solidos
468 2726 722 2768 communie
745 2726 1036 2780 applicandos
1059 2731 1102 2766 et
1121 2724 1164 2765 id
1183 2724 1257 2765 fiet
1281 2723 1317 2764 si
1340 2722 1538 2764 rixentur
1559 2721 1604 2762 in
1627 2726 1852 2762 conuentu
1875 2718 2089 2760 laicorum

396 2797 512 2837 Item
537 2797 653 2850 quod
676 2796 823 2838 clerici
856 2797 1064 2838 absentes
1087 2810 1112 2837 a
1135 2794 1331 2849 qualibet
1361 2787 1473 2834 *hora
1505 2790 1662 2833 maiori
1685 2796 1727 2832 et
1752 2789 1884 2831 simili
1917 2788 2091 2830 defectu

280 2866 560 2909 satisfaciant
583 2880 661 2921 pro
685 2866 881 2920 quolibet
913 2865 993 2908 tali
1025 2879 1162 2907 vnum
1195 2862 1427 2906 denarium
1453 2867 1496 2903 et
1529 2861 1573 2902 in
1607 2859 1706 2902 aliis
1738 2857 2015 2900 satisfacient
2048 2862 2091 2897 et

280 2936 522 2991 punientur
544 2937 789 2978 secundum
814 2934 1219 2978 considerationem
1243 2932 1392 2986 dilectj
1432 2932 1466 2982 [Ρ
1483 2929 1651 2982 delicti]
