2524 3418
797 327 929 368 Carta
959 325 1119 367 domini
1150 324 1338 367 willelmi
1361 324 1573 380 plzilpsoue
2018 338 2096 379 141

290 441 589 485 residentibus
622 447 665 484 et
700 440 852 484 diuina
889 455 967 496 pro
1003 447 1206 495 tempore
1238 439 1569 483 celebrantibus
1605 440 1824 482 duntaxat
1857 439 2022 482 Totam
2056 446 2099 483 et

290 512 511 568 integram
543 512 666 556 illam
698 518 864 555 terram
898 526 1045 555 meam
1069 511 1337 554 anteriorem
1370 510 1626 553 interiorem
1657 516 1699 552 et
1729 516 1877 552 ortum
1900 509 2099 552 eiusdem

291 598 394 626 cum
435 582 724 639 pertinenciis
767 584 996 626 Iacentem
1039 582 1152 625 infra
1198 582 1368 625 dictum
1411 582 1600 637 burgum
1644 580 1689 622 in
1730 580 1828 623 vico
1869 580 2008 623 veridi
2049 595 2102 622 ex

292 651 496 696 orientali
533 659 659 708 parte
696 651 896 695 eiusdem
938 651 1054 694 inter
1091 658 1256 694 terram
1295 652 1519 706 quondam
1557 649 1784 693 alexandri
1828 650 2008 693 Roucht
2050 664 2103 692 ex

292 722 459 767 boreali
490 738 543 765 ex
574 737 662 766 vna
692 729 858 766 terram
892 721 1077 765 villelmi
1114 722 1294 764 vobster
1330 736 1383 763 ex
1414 721 1599 776 australj
1637 720 1837 776 partibus
1872 721 1927 763 ab
1962 720 2103 762 altera

292 807 578 835 communem
599 791 719 835 viam
741 791 909 847 regiam
930 805 1086 834 versus
1109 789 1317 833 occidens
1346 796 1389 832 et
1421 791 1722 845 aqueductum
1746 789 2103 832 molendinorum

293 862 401 906 dicti
433 862 559 918 burgi
591 877 746 905 versus
778 861 926 904 oriens
958 860 1223 903 Tenendam
1259 866 1301 902 et
1336 860 1589 903 habendam
1624 866 1767 903 totam
1804 866 1847 903 et
1881 860 2102 915 integram

294 932 461 976 dictam
493 939 659 975 terram
693 946 794 974 cum
832 929 1120 986 pertinenciis
1156 928 1342 984 prefatis
1377 929 1542 972 vicario
1579 935 1622 972 et
1655 928 1902 984 capellanis
1934 935 1977 971 et
2012 927 2104 971 suis

295 1002 629 1046 successoribus
652 1016 677 1044 a
699 1016 770 1044 me
793 1007 836 1043 et
859 1000 1096 1043 heredibus
1120 998 1232 1041 meis
1255 1000 1308 1041 de
1332 1013 1539 1053 supremo
1562 998 1742 1041 domino
1765 1005 1919 1041 nostro
1941 1012 2043 1053 rege
2061 1004 2104 1040 et

295 1072 388 1116 suis
409 1071 743 1116 successoribus
771 1070 949 1126 regibus
975 1069 1121 1112 scocie
1152 1070 1490 1123 Imperpetuum
1520 1083 1622 1111 cum
1652 1068 1773 1111 omni
1798 1070 1899 1111 Iure
1922 1074 1965 1111 et
1989 1067 2106 1110 Iuris

295 1142 468 1185 clameo
490 1156 593 1185 cum
616 1140 778 1184 debitis
799 1139 1078 1195 longitudine
1105 1144 1148 1181 et
1172 1138 1410 1181 latitudine
1433 1153 1535 1180 cum
1559 1138 1745 1181 edificiis
1778 1139 1968 1194 desuper
2003 1153 2105 1181 con-

295 1212 478 1256 structis
500 1218 543 1255 et
576 1209 890 1255 construendis
923 1224 974 1253 ae
1009 1224 1112 1252 cum
1150 1208 1358 1252 omnibus
1390 1208 1490 1251 aliis
1522 1214 1565 1251 et
1600 1208 1788 1264 singulis
1825 1208 2107 1252 libertatibus

295 1281 690 1325 commoditatibus
713 1287 756 1324 et
788 1278 1052 1324 asiamentis
1078 1293 1130 1322 ac
1165 1278 1304 1322 Iustis
1336 1277 1429 1321 suis
1451 1277 1738 1334 pertinenciis
1770 1277 2108 1334 quibuscunque

294 1358 388 1395 tam
411 1366 500 1395 non
522 1350 767 1395 nominatis
789 1364 924 1405 quam
957 1348 1202 1392 nominatis
1233 1354 1328 1392 tam
1363 1349 1522 1391 subtus
1546 1354 1715 1392 terram
1738 1364 1873 1404 quam
1896 1364 2030 1404 super
2051 1351 2107 1392 ad

295 1422 463 1466 dictam
476 1428 643 1466 terram
659 1420 968 1477 spectantibus
986 1435 1065 1463 seu
1083 1420 1208 1462 Iuste
1226 1425 1429 1475 spectare
1442 1418 1696 1462 valentibus
1714 1419 2046 1474 quomodolibet
2063 1419 2108 1462 in

293 1493 493 1535 futurum
516 1493 640 1535 Adeo
662 1491 798 1535 libere
820 1489 1018 1546 plenarie
1040 1489 1212 1544 integre
1234 1488 1477 1532 honorifice
1500 1489 1612 1532 bene
1635 1495 1678 1531 et
1701 1488 1745 1530 in
1768 1503 1878 1544 pace
1900 1489 1945 1531 in
1968 1489 2108 1532 omni-

295 1562 379 1606 bus
405 1569 448 1605 et
475 1577 553 1619 per
581 1561 732 1605 omnia
764 1561 879 1604 sicut
912 1560 1062 1615 aliqua
1093 1566 1211 1603 terra
1243 1558 1357 1602 infra
1389 1573 1577 1614 regnum
1610 1559 1756 1602 scocie
1778 1559 1822 1601 in
1845 1566 2107 1615 perpetuam

297 1631 579 1675 elimosinam
602 1630 843 1675 dimittitur
875 1637 952 1674 aut
975 1630 1235 1673 conceditur
1256 1637 1485 1673 reseruato
1517 1636 1670 1673 tamen
1694 1630 1831 1673 michi
1860 1645 1938 1686 per
1959 1631 2110 1674 omnia

297 1702 484 1744 liberum
516 1707 825 1744 tenementum
858 1706 901 1743 et
933 1699 1334 1743 vsumfructionem
1363 1699 1564 1742 eiusdem
1597 1699 1805 1743 omnibus
1834 1700 1990 1744 diebus
2020 1701 2110 1745 vite

298 1788 394 1817 mee
417 1775 518 1816 Vno
540 1780 693 1816 tamen
716 1786 865 1816 annuo
891 1771 1067 1815 redditu
1097 1773 1251 1815 decem
1285 1770 1528 1814 solidorum
1562 1771 1796 1815 annuatim
1820 1772 2011 1815 leuando
2034 1787 2112 1827 per

298 1844 442 1888 dictos
482 1843 700 1887 vicarium
742 1849 785 1886 et
837 1843 1096 1898 capellanos
1147 1842 1329 1886 nomine
1381 1842 1550 1886 domini
1598 1844 1781 1899 dempto
1833 1849 1876 1886 et
1928 1844 2111 1887 obtento

300 1917 337 1958 F
341 1915 526 1959 aciendo
549 1914 652 1958 inde
684 1913 792 1958 dicti
813 1913 1008 1957 vicarius
1030 1920 1074 1957 et
1097 1913 1319 1970 capellani
1343 1919 1386 1957 et
1409 1928 1563 1957 eorum
1587 1928 1868 1957 successores
1893 1915 2112 1969 Supremo

299 1985 480 2029 domino
517 1992 670 2029 nostro
706 1984 800 2041 regi
837 1984 1077 2028 seruicium
1115 1984 1380 2041 burgagium
1413 1984 1516 2028 inde
1547 1984 1747 2029 debitum
1780 1991 1824 2029 et
1847 1991 2112 2028 consuetum

299 2057 488 2100 Necnon
507 2055 838 2100 celebrantibus
855 2055 1089 2099 annuatim
1105 2055 1372 2100 durantibus
1388 2055 1545 2100 diebus
1561 2055 1651 2099 vite
1668 2070 1766 2098 mee
1783 2056 1839 2099 ad
1861 2054 2112 2111 predictum

298 2128 441 2171 altare
462 2128 599 2171 trium
622 2142 777 2183 regum
799 2142 933 2171 vnam
967 2126 1323 2171 anniuersariam
1357 2127 1543 2171 missam
1566 2126 1773 2170 videlicet
1803 2127 1858 2170 de
1880 2132 1988 2169 nota
2010 2140 2113 2169 cum

298 2198 527 2255 trigentali
550 2213 628 2255 per
649 2200 944 2243 ebdomadem
967 2198 1012 2240 in
1035 2198 1261 2242 dominica
1279 2199 1476 2241 secunda
1498 2197 1838 2254 quadragesime
1861 2211 1940 2252 pro
1963 2196 2114 2240 anima

299 2275 342 2312 et
365 2269 613 2312 intentione
636 2284 737 2312 mea
760 2275 803 2312 et
827 2268 1064 2312 animabus
1093 2268 1365 2324 supradictis
1399 2269 1458 2311 Et
1482 2269 1695 2311 collector
1716 2267 1790 2323 qui
1812 2282 1892 2323 pro
1914 2274 2114 2322 tempore

298 2339 430 2383 fuerit
453 2339 700 2396 capellanis
722 2339 1005 2394 presentibus
1027 2340 1245 2382 duntaxat
1268 2340 1322 2382 de
1354 2338 1536 2382 sallario
1559 2353 1636 2394 pre
1659 2337 1867 2381 manibus
1889 2337 2113 2393 persoluet

298 2416 342 2452 et
375 2409 530 2453 statim
553 2409 799 2453 satisfaciet
826 2424 897 2452 me
919 2417 1024 2453 ante
1049 2410 1258 2453 defuncto
1287 2416 1330 2452 et
1359 2409 1478 2452 viam
1507 2409 1712 2452 Vniuerse
1742 2407 1889 2452 carnis
1916 2407 2116 2463 ingresso

300 2477 408 2521 dicti
435 2479 655 2535 capellani
678 2486 721 2523 et
744 2494 897 2523 eorum
932 2495 1216 2523 successores
1246 2480 1519 2523 tenebuntur
1551 2477 1886 2523 ebdomadatim
1920 2477 2115 2533 qualibet

299 2548 408 2593 feria
438 2549 572 2593 tertia
605 2551 662 2593 ad
694 2550 945 2605 predictum
979 2551 1121 2594 altare
1152 2550 1288 2593 trium
1321 2565 1476 2606 regum
1510 2549 1605 2593 siue
1637 2551 1693 2593 ad
1727 2563 1942 2604 magnum
1975 2548 2116 2591 altare

301 2619 419 2663 dicte
441 2619 628 2663 ecclesie
649 2636 784 2664 vnam
808 2621 995 2665 missam
1019 2623 1072 2665 de
1095 2621 1199 2665 diua
1221 2628 1264 2664 et
1287 2621 1483 2677 gloriosa
1500 2636 1619 2664 anna
1642 2627 1849 2664 matrona
1872 2634 1950 2675 pro
1973 2618 2115 2661 inten-

301 2689 500 2734 sionibus
541 2691 810 2746 supradictis
852 2693 912 2735 Et
955 2693 1039 2735 hoc
1081 2698 1259 2735 tantum
1302 2707 1381 2747 pro
1422 2691 1543 2735 omni
1580 2691 1668 2734 alio
1706 2689 1889 2732 seruitio
1926 2688 2115 2732 seculari

301 2760 533 2803 exactione
556 2775 634 2804 seu
657 2763 879 2806 demanda
897 2777 980 2817 que
999 2764 1052 2805 de
1074 2762 1274 2818 predicta
1291 2769 1410 2805 terra
1428 2777 1530 2805 cum
1548 2760 1836 2817 pertinenciis
1863 2759 2118 2814 aliqualiter

302 2830 417 2887 exigi
439 2831 602 2887 poterit
625 2832 695 2874 uel
718 2833 881 2888 requiri
914 2835 975 2876 Et
998 2848 1080 2889 ego
1101 2848 1205 2876 vero
1238 2833 1385 2876 dictus
1417 2833 1626 2876 dominus
1648 2831 1908 2876 Willelmus
1930 2830 2116 2872 heredes

302 2901 390 2945 mei
413 2908 456 2945 et
480 2901 697 2957 assignati
719 2908 863 2946 totam
887 2909 930 2946 et
953 2903 1174 2958 integram
1198 2903 1366 2947 dictam
1398 2910 1564 2946 terram
1588 2917 1690 2945 cum
1714 2900 1807 2943 suis
1829 2899 2116 2956 pertinenciis
2147 2903 2204 2935 fol.
2223 2901 2286 2937 572

301 2972 484 3029 prefatis
525 2972 691 3016 vicario
734 2979 776 3016 et
825 2973 1070 3028 capellanis
1114 2980 1156 3017 et
1201 2989 1355 3016 eorum
1401 2972 1734 3017 successoribus
1779 2972 2116 3025 Imperpetuum
