2524 3418
170 792 282 825 obitus
299 792 414 822 thome

170 835 300 867 crafurd
314 842 347 866 et

172 880 303 918 Agnete
320 887 389 910 cra·

173 923 245 953 surd

172 1001 228 1033 sol.
247 999 306 1034 87¹

172 1408 294 1440 Obitus
310 1407 433 1447 magis·

171 1452 211 1482 tri
231 1451 394 1483 Iohannis

173 1495 276 1535 finaly

177 1966 299 1998 Obitus
316 1965 401 1996 Wil-

176 2009 267 2041 lelmi
286 2008 408 2040 Adam-

177 2063 261 2086 soun

182 2446 349 2478 Robertus
359 2444 444 2476 blin-

182 2490 251 2521 sele

461 324 541 364 218
929 320 1102 362 Reniale
1134 319 1315 361 obituum
1337 322 1373 360 et
1392 316 1792 359 Amziuersariorum

460 437 766 480 defunctorum
800 436 983 491 placebo
1006 442 1047 476 et
1071 433 1209 487 dirige
1232 433 1275 474 in
1299 433 1466 474 Sabato
1499 432 1761 486 precedente
1784 444 1884 472 curn
1918 429 2055 472 missa
2077 430 2129 472 de
2152 435 2258 471 nota

462 514 642 548 cantata
661 514 702 547 et
725 504 939 557 trigintali
964 509 1174 556 sequente
1197 516 1273 556 per
1290 501 1559 543 ebdomitam
1583 506 1630 542 ut
1655 499 1789 541 moris
1807 505 1873 540 est
1896 513 1974 553 pro
1992 499 2257 552 quoquidem

463 574 766 618 anniuersario
792 573 1078 614 Infeodantur
1104 572 1156 612 de
1178 569 1335 624 viginti
1369 584 1389 611 s
1411 570 1463 611 de
1487 569 1677 622 quodam
1702 567 1840 610 crofto
1862 567 2002 621 ipsius
2034 566 2258 609 alexandri

465 657 598 698 prope
634 676 641 683 .
679 676 686 684 .
723 674 732 683 .
766 648 812 683 ut
836 641 1133 694 respondeant

581 781 741 824 Obitus
758 781 981 835 quondam
1004 779 1156 822 thome
1179 778 1353 821 crafurd
1371 778 1545 819 infesto
1569 776 1722 819 Sancti
1747 775 1961 818 Iohannis
1978 775 2263 830 ewangeliste

466 860 568 895 ante
591 859 763 906 portam
797 850 982 892 latinam
1006 851 1134 891 Anno
1158 848 1325 891 domini
1355 847 1592 890 millesimo
1615 845 2052 901 quadringentesimo
2076 847 2263 900 Septua-

466 920 634 975 gesimo
676 926 833 974 quarto
876 918 1014 961 Cuius
1056 917 1386 960 anniuersarius
1427 923 1470 959 et
1512 915 1699 970 Agnetis
1751 915 1937 969 crafurdj
1983 929 2143 969 sponse
2185 928 2263 957 sue

466 989 697 1033 annuatim
730 988 1025 1031 celebrabitur
1055 989 1110 1030 ad
1143 987 1282 1030 altare
1316 986 1469 1029 Sancti
1503 985 1718 1028 Iohannis
1753 984 2038 1039 ewangeliste
2075 984 2119 1026 in
2150 984 2265 1026 festo

468 1066 570 1100 ante
607 1064 780 1112 portam
816 1056 1002 1098 latinam
1038 1056 1152 1099 Cum
1185 1055 1323 1097 missa
1359 1056 1412 1097 de
1444 1061 1550 1097 nota
1581 1061 1624 1096 et
1658 1053 1873 1108 trigintali
1912 1052 2150 1095 missarum
2187 1067 2266 1107 per

467 1126 737 1169 ebdomitam
771 1132 1029 1179 sequentem
1063 1130 1110 1166 ut
1144 1124 1279 1166 moris
1311 1130 1377 1166 est
1409 1138 1487 1178 pro
1529 1138 1615 1178 quo
1647 1122 1864 1177 capellanj
1902 1122 2190 1164 Infeodantur
2220 1121 2265 1163 in

466 1194 691 1238 trisdecim
725 1194 877 1236 solidis
909 1203 951 1235 et
984 1199 1174 1247 quatuor
1205 1194 1231 1235 d
1263 1194 1316 1235 de
1349 1192 1486 1235 crofto
1519 1193 1742 1246 quondam
1778 1191 1989 1234 Richardi
2026 1191 2186 1246 kyntor
2218 1197 2266 1233 ut

468 1266 764 1319 respondeant

585 1402 746 1445 Obitus
787 1402 1011 1455 quondam
1055 1399 1259 1456 Magistri
1303 1400 1517 1442 Iohannis
1558 1400 1694 1455 finaly
1736 1432 1745 1442 .
1784 1432 1794 1442 .
1834 1431 1843 1441 .
1886 1398 2012 1442 cuius
2052 1399 2268 1442 Anniuer-

471 1472 635 1514 sarium
671 1471 888 1526 capellanj
926 1471 1099 1525 collegii
1132 1471 1417 1513 celebrabunt
1450 1470 1494 1512 in
1528 1470 1612 1512 hac
1644 1470 1785 1512 forma
1821 1484 1954 1511 Vnam
1993 1469 2178 1512 missam
2215 1471 2268 1512 de

471 1548 576 1583 nota
599 1542 844 1583 cantabunt
868 1541 1100 1582 annuatim
1124 1540 1167 1582 in
1191 1540 1260 1582 die
1285 1539 1551 1582 Natiuitatis
1573 1540 1690 1582 beati
1716 1539 1930 1582 Iohannis
1951 1539 2144 1594 baptiste
2166 1554 2268 1582 cum

470 1610 685 1664 trigintali
709 1610 945 1652 missarum
969 1610 1013 1651 in
1037 1610 1261 1652 ebdomita
1285 1609 1486 1664 sequenti
1517 1615 1559 1652 et
1582 1609 1713 1651 Aliud
1735 1609 1962 1664 trigintale
1985 1609 2269 1652 celebrabunt

471 1680 649 1722 infesto
680 1680 833 1722 Sancti
857 1679 1035 1722 martini
1065 1695 1142 1735 pro
1173 1680 1316 1722 salute
1345 1680 1492 1722 anime
1522 1694 1599 1722 sue
1628 1686 1698 1721 etc
1726 1694 1804 1734 pro
1827 1679 1985 1733 quibus
2014 1679 2271 1734 capellanus

471 1750 625 1792 altaris
649 1751 811 1792 Sancte
834 1764 949 1792 anne
973 1751 1027 1792 ad
1050 1751 1165 1804 quod
1189 1750 1308 1793 dicta
1340 1750 1477 1792 missa
1500 1751 1552 1792 de
1575 1756 1682 1793 nota
1704 1749 1958 1793 cantabitur
1988 1749 2270 1804 respondebit

471 1819 714 1874 capellanis
736 1819 908 1874 collegij
934 1834 1012 1874 pro
1033 1819 1191 1874 viginti
1214 1834 1235 1861 s

588 1957 749 2000 Obitus
790 1959 1013 2012 quondam
1056 1957 1275 2001 Willelmi
1317 1959 1559 2000 adamsone
1599 1990 1607 1999 .
1648 1989 1657 1999 .
1697 1989 1706 1999 .
1749 1957 1876 2000 cuius
1918 1957 2270 2001 anniuersarium

473 2027 691 2082 capellanj
717 2027 1001 2069 celebrabunt
1034 2027 1078 2069 in
1111 2027 1194 2070 hac
1225 2028 1368 2070 forma
1399 2041 1535 2069 vnum
1558 2026 1784 2081 trigintale
1816 2027 2053 2070 missarum
2085 2027 2130 2069 in
2160 2028 2273 2070 festo

473 2095 745 2150 penticostes
777 2103 819 2138 et
852 2096 984 2138 Aliud
1007 2096 1234 2151 trigintale
1266 2098 1321 2139 ad
1352 2097 1515 2138 festum
1540 2096 1694 2139 Sancti
1727 2095 1904 2150 martinj
1940 2096 2172 2139 annuatim
2195 2111 2273 2151 pro

474 2165 624 2208 anima
641 2165 746 2207 dicti
765 2165 983 2207 willelmi
999 2181 1049 2208 ac
1065 2172 1165 2221 post
1180 2168 1413 2208 decessum
1429 2165 1615 2208 mariote
1633 2165 1897 2208 nicholsoun
1915 2165 2087 2208 Relicte
2103 2180 2181 2208 sue
2195 2179 2273 2220 pro

475 2236 618 2278 salute
640 2235 890 2278 animarum
915 2250 1095 2278 suarum
1118 2243 1188 2279 etc
1211 2251 1289 2291 pro
1312 2251 1398 2291 quo
1420 2235 1724 2278 anniuersario
1749 2235 2039 2277 Infeodantur
2056 2235 2100 2277 in
2116 2234 2273 2289 viginti

475 2319 496 2346 s
518 2306 571 2347 de
593 2311 711 2347 terra
733 2306 957 2360 quondam
982 2306 1165 2348 Roberti
1188 2306 1336 2348 kintor
1358 2305 1403 2348 in
1423 2305 1521 2347 vico
1543 2305 1767 2347 furcarum
1791 2310 1838 2346 ut
1861 2305 2157 2359 respondeant

593 2445 815 2486 Robertus
848 2444 1023 2487 blinsell
1056 2444 1208 2488 diuino
1241 2444 1441 2488 caritatis
1479 2444 1650 2487 Intuitu
1681 2443 1884 2486 fundauit
1918 2458 2052 2486 vnam
2090 2445 2274 2488 missam

477 2513 672 2568 qualibet
709 2513 778 2555 die
812 2514 1035 2557 dominica
1069 2515 1124 2557 ad
1167 2514 1306 2557 altare
1339 2514 1529 2569 gloriose
1564 2513 1748 2569 virginis
1785 2513 1922 2556 marie
1964 2513 2275 2558 celebrandam

476 2590 676 2638 tempore
728 2584 1034 2626 Inchoationis
1082 2584 1406 2628 matutinarum
1462 2583 1687 2639 perpetuis
1737 2583 2011 2638 temporibus
2061 2598 2139 2640 pro
2189 2599 2277 2639 qua

479 2652 768 2695 Infeodantur
808 2654 1024 2708 capellanj
1064 2653 1108 2695 in
1140 2654 1297 2708 viginti
1331 2653 1484 2696 solidis
1516 2660 1558 2695 et
1591 2659 1691 2695 octo
1727 2652 1919 2695 denariis
1955 2653 2186 2695 annuatim
2223 2655 2277 2696 de

478 2723 650 2764 duabus
671 2721 801 2764 terris
833 2723 1146 2766 collateraliter
1179 2724 1434 2767 lacentibus
1465 2724 1517 2765 In
1539 2723 1636 2765 vico
1669 2722 1866 2766 Nauium
1899 2728 1947 2764 ut
1979 2724 2276 2777 respondeant

479 2797 521 2832 et
556 2797 760 2833 cantetur
790 2791 910 2835 dicta
941 2792 1079 2836 missa
1113 2795 1165 2835 In
1197 2793 1420 2848 presentia
1453 2793 1684 2836 Scolarum
1707 2793 1762 2835 ad
1786 2807 1915 2834 suurn
1950 2792 2188 2835 Introitum
2221 2795 2276 2836 ad

481 2861 726 2903 matutinas
769 2893 778 2904 .
826 2894 835 2903 .
880 2894 889 2904 .
932 2877 1034 2905 curn
1069 2864 1122 2905 de
1157 2863 1386 2918 profundis
1428 2895 1438 2904 .
1483 2895 1492 2904 .
1537 2895 1546 2904 .
1589 2877 1667 2917 pro
1700 2862 1936 2905 animabus
1972 2861 2078 2904 dieti
2114 2863 2277 2906 roberti

483 2943 662 2972 suorum
695 2937 929 2984 parentum
964 2932 1294 2975 benefactorum
1328 2939 1371 2975 et
1404 2932 1604 2975 omnium
1637 2932 1833 2974 fidelium
1867 2932 2173 2974 defunctorum
