2524 3418
193 570 250 601 sol.
268 572 307 601 63
319 568 329 588 ยน

490 327 569 380 158
674 327 860 369 Donatio
889 328 945 369 ad
973 327 1207 382 hospitalem
1242 328 1363 382 burgi
1393 328 1439 369 de
1468 329 1660 371 Aberden
1690 343 1715 371 a
1746 330 1931 373 Ricardo
1961 332 2116 374 Kintor

1274 467 1506 508 LXXXV.

485 559 670 600 Donatio
696 572 746 612 19
768 559 987 600 Rudarum
1011 559 1053 599 in
1077 558 1222 612 kyntor
1241 560 1297 600 ad
1321 559 1558 615 hospitalem
1585 561 1706 616 burgi
1730 562 1776 603 de
1797 562 1988 605 Aberden
2009 577 2056 605 ex
2076 568 2288 619 conquestu

663 629 863 683 Magistri
883 628 1082 669 Iohannis
1106 629 1220 670 Clatt
1240 643 1265 670 a
1286 629 1471 671 Ricardo
1492 630 1628 671 kintor
1648 631 1856 686 Proposito
1877 631 1924 673 de
1944 632 2117 675 aberden

492 726 538 825 (
609 722 856 764 MNIBUS
888 721 1003 763 hanc
1041 728 1209 764 cartam
1238 722 1400 765 visuris
1430 724 1499 765 vel
1535 724 1753 767 audituris
1787 725 2006 768 Ricardus
2037 728 2090 768 de
2127 726 2288 781 kyntor

663 791 915 846 prepositus
940 793 993 833 de
1020 792 1228 834 abirdene
1254 807 1305 834 ac
1332 793 1566 847 burgensis
1595 794 1720 849 burgi
1748 796 1800 837 de
1827 796 1988 850 kyntor
2013 796 2214 838 Salutem
2241 795 2286 837 in

483 861 663 904 domino
705 861 1021 916 sempiternam
1066 862 1230 904 Sciatis
1266 877 1336 904 me
1372 863 1565 906 vtilitate
1603 879 1702 907 mea
1738 864 1782 907 in
1819 866 1903 908 hac
1941 872 2066 921 parte
2093 865 2287 920 vndique

483 932 658 986 preuisa
685 939 727 974 et
755 932 1000 986 deligenter
1026 932 1307 975 considerata
1332 948 1383 975 ac
1409 934 1581 989 vrgenti
1605 934 1649 976 in
1673 950 1808 978 causa
1834 935 2087 978 necessaria
2113 935 2287 977 dedisse

482 1001 757 1044 concessisse
776 1016 826 1043 ac
845 1001 1014 1056 precise
1033 1008 1074 1044 et
1091 1002 1272 1044 omnino
1289 1003 1542 1046 vendidisse
1565 1011 1607 1046 et
1626 1005 1757 1047 titulo
1774 1005 2044 1047 venditionis
2066 1004 2287 1047 alienasse

481 1087 533 1114 ac
566 1072 686 1127 ipsas
717 1072 1019 1114 venditionem
1053 1079 1095 1114 et
1133 1072 1449 1115 alienationem
1487 1075 1683 1129 presenti
1715 1082 1837 1117 carte
1869 1090 1969 1117 mea
1997 1074 2286 1117 confirmasse

482 1141 696 1196 magistro
735 1141 925 1183 Iohanni
964 1142 1147 1184 chamer
1188 1142 1404 1197 magistro
1441 1144 1677 1199 hospitalis
1714 1145 1857 1188 sancti
1891 1145 2044 1187 thome
2081 1143 2287 1186 marteris

481 1211 534 1252 de
568 1210 751 1252 abirden
785 1209 957 1252 fundati
992 1225 1069 1265 per
1102 1212 1215 1253 bone
1258 1212 1470 1254 memorie
1504 1214 1803 1257 venerabilem
1836 1221 1879 1257 et
1911 1214 2285 1269 circumspectum

479 1279 622 1322 virum
656 1279 921 1335 magistrum
957 1281 1203 1323 Iohannem
1237 1282 1326 1324 clat
1366 1283 1655 1326 ecclesiarum
1696 1284 2006 1327 abirdonensis
2041 1290 2084 1326 et
2117 1282 2285 1327 brechi-

480 1349 632 1391 nensis
664 1349 928 1392 canonicum
962 1356 1082 1392 totas
1113 1357 1156 1392 et
1189 1350 1388 1406 integras
1419 1358 1562 1394 terras
1594 1367 1718 1396 meas
1746 1355 1800 1396 de
1828 1354 1989 1409 kyntor
2019 1368 2121 1396 curn
2153 1351 2286 1408 perti-

478 1419 646 1474 nentijs
673 1426 716 1461 et
746 1419 1000 1474 specialiter
1028 1421 1181 1461 decem
1212 1426 1254 1462 et
1284 1435 1445 1463 nouem
1475 1423 1609 1464 rudas
1639 1437 1739 1465 cum
1769 1423 2051 1478 pertinentijs
2080 1424 2286 1465 Iacentes

477 1487 592 1530 infra
618 1489 881 1544 burgagium
909 1489 1015 1531 dicti
1043 1489 1168 1544 burgi
1196 1491 1395 1546 Quarum
1419 1497 1510 1533 tres
1531 1493 1638 1534 rude
1662 1494 1817 1535 Iacent
1839 1493 1884 1535 in
1907 1494 1994 1535 fine
2020 1491 2285 1535 occidentali

477 1558 676 1600 eiusdem
714 1574 767 1601 ex
803 1566 931 1614 parte
967 1559 1153 1602 australi
1190 1566 1312 1602 tente
1347 1563 1400 1603 de
1434 1561 1627 1604 dominis
1663 1564 1716 1604 de
1751 1563 1935 1605 fentoun
1971 1562 2088 1604 inter
2119 1569 2283 1604 terram

477 1629 704 1671 alexandri
738 1630 791 1671 de
823 1630 984 1684 kyntor
1016 1644 1069 1672 ex
1101 1637 1226 1685 parte
1259 1631 1464 1674 orientali
1485 1635 1549 1674 'ex
1579 1647 1667 1675 vna
1698 1639 1741 1675 et
1773 1639 1938 1675 terram
1969 1633 2157 1675 fratrum
2189 1645 2285 1686 pre-

478 1697 728 1740 dicatorum
765 1700 818 1740 de
855 1699 1063 1741 abirdene
1099 1713 1152 1741 ex
1187 1707 1313 1754 parte
1355 1700 1619 1743 occidentali
1661 1701 1863 1756 partibus
1899 1703 1954 1744 ab
1991 1701 2130 1744 altera
2168 1701 2284 1742 Item

478 1775 669 1822 quatuor
700 1770 807 1811 rude
838 1770 1043 1811 Iacentes
1077 1784 1129 1811 ex
1163 1771 1317 1812 eadem
1351 1777 1476 1825 parte
1509 1771 1626 1813 inter
1658 1778 1824 1814 terram
1859 1770 2044 1814 ecclesie
2076 1785 2129 1813 ex
2159 1776 2286 1825 parte

477 1836 742 1879 occidentali
771 1852 824 1880 ex
850 1852 938 1880 vna
966 1845 1009 1880 et
1037 1845 1202 1880 terram
1233 1840 1448 1882 vulhelmi
1479 1841 1593 1883 abell
1623 1855 1675 1883 ex
1696 1848 1822 1896 parte
1853 1841 2057 1884 orientali
2085 1840 2286 1896 partibus

476 1908 531 1949 ab
553 1907 695 1950 altera
728 1909 842 1950 Item
869 1910 953 1951 due
981 1910 1110 1951 Rude
1144 1911 1349 1952 Iacentes
1371 1925 1424 1952 ex
1445 1912 1600 1953 eadem
1633 1919 1759 1966 parte
1791 1912 1906 1954 inter
1935 1919 2099 1954 terram
2131 1909 2286 1954 altaris

477 1977 622 2020 sancti
654 1979 816 2020 andree
848 1978 1034 2021 ecclesie
1063 1979 1331 2034 parochialis
1363 1981 1416 2022 de
1449 1980 1658 2023 abirdene
1690 1996 1743 2023 ex
1774 1987 1899 2036 parte
1931 1979 2198 2023 occidentali
2232 1993 2286 2021 ex

477 2053 602 2100 parte
633 2062 720 2090 vna
753 2054 796 2090 et
830 2055 994 2090 terram
1028 2049 1247 2091 Willelmi
1282 2050 1464 2093 scherar
1497 2050 1731 2106 burgensis
1768 2052 1821 2093 de
1853 2050 2036 2093 abirden
2073 2064 2126 2092 ex
2157 2055 2284 2104 parte

477 2115 681 2159 orientali
704 2117 906 2172 partibus
927 2120 982 2161 ab
1001 2119 1141 2162 altera
1165 2121 1280 2162 Item
1304 2135 1356 2162 ex
1378 2121 1534 2163 eadem
1552 2127 1678 2176 parte
1700 2127 1791 2163 tres
1812 2122 1920 2163 rude
1943 2122 2150 2163 Iacentes
2170 2119 2287 2162 inter

477 2191 620 2227 terras
651 2186 834 2229 Ioannis
855 2187 1075 2230 Willelmi
1098 2203 1150 2230 ex
1172 2196 1358 2244 Vtraque
1387 2196 1514 2245 parte
1543 2189 1807 2233 occidentali
1836 2189 2043 2232 videlicet
2072 2195 2115 2231 et
2144 2188 2284 2231 orien-

477 2256 557 2298 tali
580 2263 623 2298 et
641 2271 797 2299 omnes
820 2257 903 2299 iste
926 2259 1034 2300 rude
1056 2259 1252 2313 predicte
1276 2261 1431 2302 Iacent
1458 2261 1573 2302 inter
1594 2260 1712 2302 viam
1735 2259 1902 2315 regiam
1923 2274 2078 2302 versus
2103 2260 2283 2301 boream

479 2332 522 2367 et
541 2326 843 2368 communiam
867 2327 973 2369 dicti
996 2328 1122 2383 burgi
1140 2344 1296 2372 versus
1318 2337 1519 2372 austrum
1545 2331 1659 2372 Item
1683 2344 1735 2372 ex
1757 2329 1914 2372 boriali
1937 2329 2134 2371 eiusdem
2158 2327 2284 2383 burgi

480 2401 671 2448 quatuor
698 2397 806 2438 rude
837 2397 1042 2439 Iacentes
1070 2398 1186 2440 inter
1216 2406 1381 2441 terram
1405 2399 1563 2454 prefati
1590 2399 1809 2442 Willelmi
1840 2399 2050 2441 Scherrer
2077 2412 2129 2440 ex
2157 2403 2284 2452 parte

479 2464 744 2507 occidentali
774 2480 826 2507 ex
855 2473 979 2520 parte
1005 2481 1092 2509 vna
1121 2474 1164 2509 et
1193 2474 1359 2510 terram
1392 2468 1578 2510 ecclesie
1607 2483 1659 2510 ex
1688 2474 1813 2522 parte
1845 2466 2050 2509 orientali
2082 2465 2285 2521 partibus

479 2535 534 2576 ab
552 2535 691 2577 altera
716 2536 830 2577 Item
850 2550 902 2578 ex
923 2538 1078 2579 eadem
1097 2544 1222 2592 parte
1245 2538 1351 2580 dicti
1374 2538 1500 2592 burgi
1523 2545 1614 2580 tres
1636 2539 1743 2580 rude
1766 2537 1964 2580 iacentes
1981 2536 2097 2578 inter
2118 2542 2283 2578 terram

482 2605 665 2647 Ioannis
695 2605 786 2660 fylp
809 2621 861 2648 ex
893 2614 1017 2660 parte
1050 2608 1315 2650 occidentali
1348 2622 1400 2649 ex
1422 2623 1508 2650 vna
1531 2615 1573 2650 et
1596 2615 1759 2650 terram
1793 2607 1947 2650 altaris
1974 2606 2284 2649 sanctiandree

480 2674 665 2716 ecclesie
706 2675 931 2717 antedicte
967 2690 1019 2717 ex
1056 2684 1181 2730 parte
1222 2677 1426 2719 orientali
1463 2677 1664 2732 partibus
1700 2678 1755 2719 ab
1792 2677 1932 2719 altera
1973 2677 2070 2732 Que
2112 2681 2283 2730 septem

477 2743 633 2785 vltime
663 2745 770 2786 rude
804 2746 958 2787 Iacent
990 2746 1106 2787 inter
1137 2747 1440 2789 communiam
1469 2747 1587 2789 viam
1620 2747 1788 2801 regiam
1819 2761 1974 2789 versus
2006 2752 2208 2788 austrum
2241 2750 2284 2786 et

479 2827 641 2866 aquarn
671 2814 724 2855 de
754 2815 840 2856 don
867 2829 1022 2856 versus
1045 2816 1222 2858 boream
1252 2818 1337 2858 Pro
1364 2817 1556 2871 quadarn
1588 2823 1708 2858 certa
1737 2831 1914 2858 summa
1939 2814 2126 2871 pecunie
2149 2828 2282 2869 quam

477 2882 743 2924 venerabilis
771 2890 814 2924 et
844 2883 1196 2938 circumspectus
1221 2886 1288 2927 vir
1314 2886 1529 2941 magister
1555 2886 1764 2928 henricus
1795 2887 1953 2941 Rynde
1977 2884 2285 2928 thesaurarius

479 2951 666 2993 ecclesie
707 2953 1014 2996 abirdonensis
1056 2956 1109 2996 de
1151 2957 1364 2999 mandato
1405 2956 1512 2998 dicti
1559 2956 1761 3011 magistri
1806 2956 2023 2998 Iohannis
2063 2956 2116 2997 de
2157 2953 2285 2998 bonis
