2524 3418
547 299 680 341 Carta
700 298 942 353 fezcdz'firme
973 297 1122 338 andree
1155 295 1255 338 buck
1287 296 1334 337 de
1358 295 1546 351 piscaria
1577 295 1623 336 de
1656 294 1694 348 ly
1717 293 1860 348 surdis
2041 304 2122 345 273

296 415 440 460 Altari
478 414 597 457 beati
630 413 841 468 nicholaij
875 428 1014 455 vnum
1054 412 1282 467 corporale
1320 426 1422 454 cum
1461 408 1772 465 choopertorio
1808 407 1932 450 rubie
1970 407 2124 451 Cerice

295 498 435 526 vnum
458 484 498 525 le
523 484 746 538 paxbrede
770 498 821 525 ac
845 484 932 525 duo
955 482 1240 536 manutergia
1263 487 1306 523 et
1329 495 1463 523 vnam
1488 480 1687 535 phiolam
1713 493 1815 520 cum
1838 492 1925 519 vno
1948 476 2124 519 lanacio

295 552 440 594 Altari
482 551 746 595 monasterii
789 553 843 594 de
890 551 983 593 deir
1023 565 1161 593 vnum
1215 549 1445 604 corporale
1488 563 1591 591 cum
1634 545 1944 601 choopertorio
1985 560 2124 588 vnum

297 622 527 676 corporale
551 622 722 676 capelle
745 623 799 664 de
821 621 1074 676 gareauche
1096 635 1235 662 vnum
1263 619 1493 674 corporale
1527 619 1693 660 Sancte
1717 615 1855 658 marie
1878 615 2049 670 capelle
2071 616 2124 657 de

297 694 496 748 Sydgate
537 708 676 735 vnum
716 692 958 748 Corporale
998 691 1212 734 fratribus
1249 690 1580 745 predicatorum
1623 689 1676 731 de
1714 687 1946 730 Aberdene
1986 700 2124 727 vnum

295 765 528 819 corporale
595 764 808 806 fratribus
876 763 1214 805 carmelitarum
1284 762 1337 803 de
1394 760 1617 803 Abirdene
1683 772 1822 800 vnum
1895 755 2124 810 corporale

295 849 399 877 cum
442 834 754 889 chooperterio
806 834 960 877 calicis
1009 839 1051 875 et
1099 831 1382 886 manutergio
1433 830 1563 872 altari
1607 827 1904 871 Sanctissime
1939 825 2125 880 virginis

296 904 437 947 marie
474 906 528 947 de
571 905 794 947 Abirdene
845 919 984 946 vnum
1028 903 1257 958 corporale
1310 901 1440 944 altari
1485 900 1640 943 Sancti
1685 898 1838 941 Iacobi
1880 897 1924 939 in
1967 898 2123 939 eadem

294 988 434 1016 vnum
477 975 708 1029 corporale
751 974 882 1017 altari
926 975 1094 1016 Sancte
1137 972 1295 1015 Crucis
1338 972 1378 1013 le
1420 972 1586 1013 brovne
1630 983 1787 1024 croyce
1828 982 1965 1010 vnum
2019 968 2124 1010 Cor-

295 1045 448 1100 porale
490 1045 621 1088 altari
665 1046 832 1088 Sancte
875 1044 1108 1087 katherine
1148 1057 1287 1085 vnum
1332 1040 1550 1096 corporali
1593 1039 1724 1082 altari
1767 1037 1922 1081 Sancti
1965 1037 2124 1079 Sebas-

294 1113 406 1170 tianj
442 1128 545 1157 cum
584 1113 896 1169 choopertorio
934 1112 1088 1155 calicis
1121 1113 1177 1154 ad
1210 1111 1351 1153 altare
1386 1109 1541 1153 Sancti
1581 1107 1799 1151 Iohannis
1836 1105 2124 1160 ewangeliste

297 1183 413 1225 Item
437 1182 616 1237 reliquit
640 1182 827 1224 calicem
847 1187 1111 1236 argenteum
1130 1181 1398 1222 deauratum
1422 1178 1467 1220 in
1491 1177 1696 1220 custodia
1713 1175 1883 1218 domini
1908 1174 2125 1217 Iohannis

296 1252 510 1295 Strachin
533 1267 636 1294 cum
660 1266 801 1306 paruo
835 1251 985 1294 libello
1009 1251 1152 1294 Crede
1184 1249 1322 1292 michi
1344 1254 1506 1290 vocato
1527 1261 1665 1289 vnum
1695 1244 1923 1300 corporale
1946 1250 1989 1286 et
2013 1244 2124 1286 duas

297 1322 474 1377 phiolas
497 1322 629 1376 altarj
655 1321 774 1364 beati
797 1322 952 1363 thome
976 1319 1167 1375 apostolj
1194 1320 1247 1361 de
1271 1318 1456 1361 abirden

413 1463 479 1504 Ye
502 1461 740 1517 chaplanis
757 1461 805 1504 of
821 1476 875 1517 ye
894 1461 1064 1516 college
1087 1460 1135 1502 of
1153 1459 1363 1502 abirdene
1384 1458 1437 1499 In
1455 1468 1669 1512 presence
1687 1453 1734 1496 of
1752 1458 1921 1495 master
1943 1452 2121 1493 duncan

297 1532 491 1575 Scherar
508 1532 778 1575 commissar
794 1538 841 1574 to
859 1547 934 1587 my
949 1532 1045 1573 lord
1064 1531 1110 1572 of
1129 1530 1350 1572 aberdene
1368 1526 1536 1583 grantit
1554 1525 1686 1567 zerlie
1704 1531 1750 1566 to
1769 1522 1889 1565 schir
1905 1521 2121 1565 Willeam

296 1602 583 1645 crukschank
596 1617 624 1643 v
639 1617 659 1643 s
673 1602 741 1643 for
757 1601 828 1643 his
846 1602 962 1656 gude
985 1598 1323 1642 ministratioun
1342 1597 1430 1640 and
1449 1594 1620 1638 seruice
1638 1593 1682 1635 in
1700 1592 1848 1635 breide
1867 1592 1955 1633 and
1973 1591 2122 1645 Wyne

296 1676 343 1712 to
366 1670 420 1713 be
443 1670 628 1713 schevin
651 1676 698 1712 to
719 1684 824 1725 yam

1087 1889 1346 1933 CXXXIV.

423 1983 675 2026 MNIBUS
704 1982 822 2025 hanc
857 1987 1028 2024 cartam
1062 1979 1226 2023 visuris
1251 1979 1321 2021 vel
1355 1976 1576 2021 audituris
1608 1981 1791 2018 curatus
1823 1979 1865 2015 et
1899 1969 2119 2026 capellanj

479 2053 603 2096 chori
640 2052 828 2095 ecclesie
871 2051 1107 2106 collegiate
1144 2049 1263 2093 beati
1302 2048 1464 2103 nicolaj
1505 2048 1558 2090 de
1596 2046 1805 2089 abirdene
1842 2049 2043 2085 eternam
2076 2040 2121 2082 in

295 2122 478 2165 domino
501 2122 694 2165 salutem
719 2121 951 2164 Noueritis
977 2136 1059 2163 nos
1081 2118 1282 2162 vnanimi
1312 2132 1534 2161 consensu
1557 2122 1600 2158 et
1623 2129 1811 2158 assensu
1835 2113 1890 2155 ad
1913 2112 2120 2153 effectum

296 2191 633 2246 infrascriptum
665 2190 973 2246 capitulariter
1005 2195 1302 2244 congregatos
1323 2187 1518 2229 Vtilitate
1548 2192 1701 2227 nostra
1734 2189 1776 2225 et
1810 2194 2120 2224 successorum

296 2268 552 2305 nostrorum
574 2263 627 2303 In
646 2261 730 2304 hac
750 2267 876 2316 parte
893 2260 1087 2314 vndique
1110 2258 1289 2314 preuisa
1312 2262 1501 2312 pensata
1519 2261 1561 2297 et
1581 2253 1817 2308 diligenter
1840 2248 2121 2293 considerata

298 2332 352 2373 In
395 2330 652 2372 euidentem
705 2329 891 2371 rentalis
943 2327 1085 2370 nostri
1138 2325 1555 2381 augmentationem
1609 2323 1704 2364 Nec
1747 2335 1836 2362 non
1878 2333 1956 2373 pro
1999 2324 2120 2359 certa

297 2398 485 2455 pecunie
516 2413 695 2441 summa
727 2397 856 2440 nobis
889 2412 967 2452 per
999 2395 1235 2451 prouidum
1258 2394 1403 2436 virum
1427 2393 1640 2435 andream
1664 2390 1754 2432 buk
1776 2390 2043 2442 burgensem
2068 2387 2120 2428 de

298 2467 508 2510 abirdene
531 2467 576 2508 in
599 2466 791 2521 pecunia
823 2471 1061 2508 numerata
1093 2466 1156 2506 Ac
1190 2463 1234 2505 in
1267 2477 1374 2505 vsus
1406 2468 1585 2503 nostros
1608 2459 1754 2501 licitos
1777 2464 1819 2499 et
1843 2454 2121 2497 necessarios

300 2538 353 2579 In
376 2542 532 2578 nostra
553 2535 826 2578 necessitate
847 2534 1049 2577 totaliter
1076 2547 1294 2575 conuersa
1327 2537 1370 2573 et
1404 2529 1631 2585 applicata
1663 2525 1861 2582 plenarie
1885 2531 1927 2566 et
1950 2523 2120 2577 integre

297 2605 527 2662 persoluta
551 2605 786 2647 assedasse
805 2604 1069 2646 arrendasse
1092 2602 1265 2643 locasse
1289 2606 1331 2642 et
1355 2600 1410 2641 ad
1432 2597 1731 2640 feudifirmam
1756 2609 1833 2636 seu
1856 2598 2119 2647 perpetuam

297 2673 615 2729 emphiteosim
653 2672 923 2715 hereditarie
961 2670 1187 2713 dimisisse
1226 2670 1286 2710 Et
1323 2668 1408 2710 hac
1446 2665 1642 2721 presenti
1675 2670 1800 2706 carta
1832 2668 1986 2703 nostra
2018 2673 2120 2701 con-

298 2744 477 2785 firmare
512 2742 684 2797 prefato
720 2743 884 2784 andree
916 2741 1006 2783 buk
1041 2746 1082 2782 et
1123 2738 1305 2780 metilde
1339 2750 1550 2790 mengzes
1583 2747 1745 2789 sponse
1778 2746 1856 2773 sue
1889 2743 2041 2772 secum
2074 2727 2119 2769 in

298 2812 542 2855 coniuncta
583 2810 885 2852 infeodatione
928 2816 971 2851 et
1015 2822 1168 2850 eorum
1212 2805 1339 2860 alterj
1380 2803 1550 2847 diutius
1590 2801 1759 2844 viuenti
1802 2806 1844 2841 et
1881 2797 2120 2840 heredibus

299 2879 514 2924 masculis
547 2881 672 2921 Inter
703 2880 884 2921 eosdem
918 2877 1118 2932 legitime
1160 2873 1407 2930 procreatis
1440 2887 1518 2914 seu
1555 2868 1842 2926 procreandis
1865 2866 2025 2921 quibus
2048 2866 2119 2907 de-

297 2949 554 2993 ficientibus
577 2948 739 2990 seniori
763 2948 977 2989 heredum
1000 2945 1296 2987 feminearum
1320 2942 1436 2984 inter
1464 2941 1644 2983 eosdem
1668 2937 1866 2993 legitime
1889 2941 2119 2991 procreate

1174 3014 1248 3044 MM

2155 1980 2212 2014 fol.
2234 1982 2296 2013 110
2308 1978 2320 1999 ยน

2155 2070 2259 2101 Carta
2275 2068 2378 2100 feudi-

2154 2112 2249 2144 firme
2267 2113 2390 2144 andree

2153 2156 2242 2188 buck
2258 2156 2299 2188 de
2316 2156 2381 2198 pis-

2153 2201 2244 2232 caria
2260 2200 2301 2232 de
2318 2201 2352 2241 ly

2153 2244 2258 2276 surdis

2152 2403 2318 2446 vigesimo

2152 2449 2261 2490 primo
2306 2448 2417 2490 martij

2155 2502 2234 2532 1593
2253 2502 2326 2534 psoฮ

2152 2536 2292 2568 ductum
2309 2535 2342 2566 in

2152 2579 2290 2611 modum
2308 2589 2384 2621 pro-

2152 2623 2300 2655 bationis
2317 2634 2374 2665 per

2152 2667 2338 2699 Robertum

2152 2721 2236 2752 gray

2152 2755 2342 2787 Robertson

2310 2797 2420 2830 scriba
