<?xml version="1.0" encoding="UTF-8"?>
<!DOCTYPE html PUBLIC "-//W3C//DTD XHTML 1.0 Transitional//EN"
    "http://www.w3.org/TR/xhtml1/DTD/xhtml1-transitional.dtd">
<html xmlns="http://www.w3.org/1999/xhtml" xml:lang="en" lang="en">
 <head>
  <title>
</title>
<meta http-equiv="Content-Type" content="text/html;charset=utf-8" />
  <meta name='ocr-system' content='tesseract 3.04.00' />
  <meta name='ocr-capabilities' content='ocr_page ocr_carea ocr_par ocr_line ocrx_word'/>
</head>
<body>
  <div class='ocr_page' id='page_1' title='image "./cartulariumeccle01sainuoft_0108.png"; bbox 0 0 2524 3418; ppageno 0'>
   <div class='ocr_carea' id='block_1_1' title="bbox 479 302 1953 363">
    <p class='ocr_par' dir='ltr' id='par_1_1' title="bbox 479 302 1953 363">
     <span class='ocr_line' id='line_1_1' title="bbox 479 302 1953 363; baseline 0.005 -21"><span class='ocrx_word' id='word_1_1' title='bbox 479 302 532 354; x_wconf 84' lang='lat'>76</span> <span class='ocrx_word' id='word_1_2' title='bbox 811 302 935 344; x_wconf 80' lang='lat' dir='ltr'>Carta</span> <span class='ocrx_word' id='word_1_3' title='bbox 968 304 1184 345; x_wconf 75' lang='lat' dir='ltr'><em>alexandri</em></span> <span class='ocrx_word' id='word_1_4' title='bbox 1215 319 1368 346; x_wconf 66' lang='lat' dir='ltr'>menses</span> <span class='ocrx_word' id='word_1_5' title='bbox 1400 306 1446 346; x_wconf 81' lang='lat' dir='ltr'>de</span> <span class='ocrx_word' id='word_1_6' title='bbox 1468 305 1720 360; x_wconf 78' lang='lat' dir='ltr'><em>fundacione</em></span> <span class='ocrx_word' id='word_1_7' title='bbox 1751 307 1953 363; x_wconf 80' lang='lat' dir='ltr'><em>lampadis</em></span> 
     </span>
    </p>
   </div>
   <div class='ocr_carea' id='block_1_2' title="bbox 462 415 2278 2985">
    <p class='ocr_par' dir='ltr' id='par_1_2' title="bbox 462 415 2278 2985">
     <span class='ocr_line' id='line_1_2' title="bbox 480 415 2278 473; baseline 0.006 -16"><span class='ocrx_word' id='word_1_8' title='bbox 480 415 805 470; x_wconf 84' lang='lat' dir='ltr'>imperpetuum</span> <span class='ocrx_word' id='word_1_9' title='bbox 834 418 1121 460; x_wconf 83' lang='lat' dir='ltr'>confirmasse</span> <span class='ocrx_word' id='word_1_10' title='bbox 1144 420 1226 460; x_wconf 90' lang='lat' dir='ltr'>deo</span> <span class='ocrx_word' id='word_1_11' title='bbox 1248 426 1290 460; x_wconf 92' lang='lat' dir='ltr'>et</span> <span class='ocrx_word' id='word_1_12' title='bbox 1314 419 1502 473; x_wconf 78' lang='lat' dir='ltr'>gloriose</span> <span class='ocrx_word' id='word_1_13' title='bbox 1524 419 1681 473; x_wconf 83' lang='lat' dir='ltr'>virgini</span> <span class='ocrx_word' id='word_1_14' title='bbox 1705 421 1842 463; x_wconf 89' lang='lat' dir='ltr'>marie</span> <span class='ocrx_word' id='word_1_15' title='bbox 1865 422 1960 464; x_wconf 87' lang='lat' dir='ltr'>eius</span> <span class='ocrx_word' id='word_1_16' title='bbox 1982 425 2113 466; x_wconf 87' lang='lat' dir='ltr'>matri</span> <span class='ocrx_word' id='word_1_17' title='bbox 2137 426 2278 468; x_wconf 90' lang='lat' dir='ltr'>beatis</span> 
     </span>
     <span class='ocr_line' id='line_1_3' title="bbox 479 485 2278 546; baseline 0.006 -20"><span class='ocrx_word' id='word_1_18' title='bbox 479 485 714 541; x_wconf 78' lang='lat' dir='ltr'>nicholayo</span> <span class='ocrx_word' id='word_1_19' title='bbox 756 487 1021 528; x_wconf 82' lang='lat' dir='ltr'>Sebastiano</span> <span class='ocrx_word' id='word_1_20' title='bbox 1062 495 1104 529; x_wconf 87' lang='lat' dir='ltr'>et</span> <span class='ocrx_word' id='word_1_21' title='bbox 1147 488 1354 530; x_wconf 91' lang='lat' dir='ltr'>omnibus</span> <span class='ocrx_word' id='word_1_22' title='bbox 1400 489 1567 530; x_wconf 87' lang='lat' dir='ltr'>sanctis</span> <span class='ocrx_word' id='word_1_23' title='bbox 1609 503 1660 531; x_wconf 90' lang='lat' dir='ltr'>ac</span> <span class='ocrx_word' id='word_1_24' title='bbox 1702 491 1932 544; x_wconf 92' lang='lat' dir='ltr'>capellano</span> <span class='ocrx_word' id='word_1_25' title='bbox 1978 495 2093 546; x_wconf 89' lang='lat' dir='ltr'>apud</span> <span class='ocrx_word' id='word_1_26' title='bbox 2140 495 2278 537; x_wconf 88' lang='lat' dir='ltr'>altare</span> 
     </span>
     <span class='ocr_line' id='line_1_4' title="bbox 479 554 2278 617; baseline 0.006 -22"><span class='ocrx_word' id='word_1_27' title='bbox 479 554 635 608; x_wconf 86' lang='lat' dir='ltr'>prefati</span> <span class='ocrx_word' id='word_1_28' title='bbox 674 556 868 597; x_wconf 89' lang='lat' dir='ltr'>martiris</span> <span class='ocrx_word' id='word_1_29' title='bbox 905 556 1146 610; x_wconf 89' lang='lat' dir='ltr'>sebastianj</span> <span class='ocrx_word' id='word_1_30' title='bbox 1187 556 1230 598; x_wconf 91' lang='lat' dir='ltr'>in</span> <span class='ocrx_word' id='word_1_31' title='bbox 1269 557 1456 600; x_wconf 91' lang='lat' dir='ltr'>ecclesia</span> <span class='ocrx_word' id='word_1_32' title='bbox 1493 558 1756 612; x_wconf 88' lang='lat' dir='ltr'>perrochiali</span> <span class='ocrx_word' id='word_1_33' title='bbox 1790 560 1944 602; x_wconf 88' lang='lat' dir='ltr'>Sancti</span> <span class='ocrx_word' id='word_1_34' title='bbox 1979 561 2186 617; x_wconf 89' lang='lat' dir='ltr'>nicholaij</span> <span class='ocrx_word' id='word_1_35' title='bbox 2226 566 2278 606; x_wconf 89' lang='lat' dir='ltr'>de</span> 
     </span>
     <span class='ocr_line' id='line_1_5' title="bbox 478 624 2276 675; baseline 0.006 -10"><span class='ocrx_word' id='word_1_36' title='bbox 478 624 659 666; x_wconf 90' lang='lat' dir='ltr'>abirden</span> <span class='ocrx_word' id='word_1_37' title='bbox 697 625 894 666; x_wconf 90' lang='lat' dir='ltr'>diuinam</span> <span class='ocrx_word' id='word_1_38' title='bbox 933 625 1174 668; x_wconf 83' lang='lat' dir='ltr'>celebranti</span> <span class='ocrx_word' id='word_1_39' title='bbox 1211 641 1347 668; x_wconf 89' lang='lat' dir='ltr'>vnum</span> <span class='ocrx_word' id='word_1_40' title='bbox 1390 641 1589 669; x_wconf 90' lang='lat' dir='ltr'>annuum</span> <span class='ocrx_word' id='word_1_41' title='bbox 1632 629 1853 670; x_wconf 90' lang='lat' dir='ltr'>redditum</span> <span class='ocrx_word' id='word_1_42' title='bbox 1896 630 2029 672; x_wconf 88' lang='lat' dir='ltr'>trium</span> <span class='ocrx_word' id='word_1_43' title='bbox 2068 631 2276 675; x_wconf 91' lang='lat' dir='ltr'>librarum</span> 
     </span>
     <span class='ocr_line' id='line_1_6' title="bbox 478 693 2276 752; baseline 0.006 -18"><span class='ocrx_word' id='word_1_44' title='bbox 478 693 645 735; x_wconf 80' lang='lat' dir='ltr'>vsualis</span> <span class='ocrx_word' id='word_1_45' title='bbox 674 701 850 735; x_wconf 89' lang='lat' dir='ltr'>monete</span> <span class='ocrx_word' id='word_1_46' title='bbox 879 694 1001 749; x_wconf 86' lang='lat' dir='ltr'>regni</span> <span class='ocrx_word' id='word_1_47' title='bbox 1032 695 1175 738; x_wconf 84' lang='lat' dir='ltr'>scocie</span> <span class='ocrx_word' id='word_1_48' title='bbox 1205 696 1339 738; x_wconf 90' lang='lat' dir='ltr'>michi</span> <span class='ocrx_word' id='word_1_49' title='bbox 1363 696 1658 751; x_wconf 87' lang='lat' dir='ltr'>pertinentem</span> <span class='ocrx_word' id='word_1_50' title='bbox 1689 698 2020 752; x_wconf 89' lang='lat' dir='ltr'>percipiendum</span> <span class='ocrx_word' id='word_1_51' title='bbox 2044 702 2276 744; x_wconf 84' lang='lat' dir='ltr'>annuatim</span> 
     </span>
     <span class='ocr_line' id='line_1_7' title="bbox 478 762 2277 820; baseline 0.005 -16"><span class='ocrx_word' id='word_1_52' title='bbox 478 770 520 804; x_wconf 91' lang='lat' dir='ltr'>et</span> <span class='ocrx_word' id='word_1_53' title='bbox 558 762 798 805; x_wconf 90' lang='lat' dir='ltr'>leuandum</span> <span class='ocrx_word' id='word_1_54' title='bbox 835 765 891 805; x_wconf 89' lang='lat' dir='ltr'>ad</span> <span class='ocrx_word' id='word_1_55' title='bbox 928 765 1039 806; x_wconf 92' lang='lat' dir='ltr'>duos</span> <span class='ocrx_word' id='word_1_56' title='bbox 1081 765 1185 806; x_wconf 89' lang='lat' dir='ltr'>anni</span> <span class='ocrx_word' id='word_1_57' title='bbox 1226 765 1441 807; x_wconf 89' lang='lat' dir='ltr'>terminos</span> <span class='ocrx_word' id='word_1_58' title='bbox 1483 766 1756 820; x_wconf 89' lang='lat' dir='ltr'>penticostes</span> <span class='ocrx_word' id='word_1_59' title='bbox 1796 768 2001 810; x_wconf 86' lang='lat' dir='ltr'>videlicet</span> <span class='ocrx_word' id='word_1_60' title='bbox 2038 775 2080 811; x_wconf 91' lang='lat' dir='ltr'>et</span> <span class='ocrx_word' id='word_1_61' title='bbox 2124 771 2277 813; x_wconf 89' lang='lat' dir='ltr'>Sancti</span> 
     </span>
     <span class='ocr_line' id='line_1_8' title="bbox 478 832 2278 893; baseline 0.005 -20"><span class='ocrx_word' id='word_1_62' title='bbox 478 832 656 887; x_wconf 90' lang='lat' dir='ltr'>martinj</span> <span class='ocrx_word' id='word_1_63' title='bbox 693 832 736 874; x_wconf 92' lang='lat' dir='ltr'>in</span> <span class='ocrx_word' id='word_1_64' title='bbox 772 833 930 888; x_wconf 90' lang='lat' dir='ltr'>hyeme</span> <span class='ocrx_word' id='word_1_65' title='bbox 963 848 1041 888; x_wconf 93' lang='lat' dir='ltr'>per</span> <span class='ocrx_word' id='word_1_66' title='bbox 1073 836 1255 889; x_wconf 84' lang='lat' dir='ltr'>equales</span> <span class='ocrx_word' id='word_1_67' title='bbox 1286 837 1518 891; x_wconf 89' lang='lat' dir='ltr'>porciones</span> <span class='ocrx_word' id='word_1_68' title='bbox 1550 838 1603 879; x_wconf 92' lang='lat' dir='ltr'>de</span> <span class='ocrx_word' id='word_1_69' title='bbox 1635 838 1742 880; x_wconf 89' lang='lat' dir='ltr'>totis</span> <span class='ocrx_word' id='word_1_70' title='bbox 1774 845 1816 880; x_wconf 91' lang='lat' dir='ltr'>et</span> <span class='ocrx_word' id='word_1_71' title='bbox 1849 839 2033 893; x_wconf 87' lang='lat' dir='ltr'>integris</span> <span class='ocrx_word' id='word_1_72' title='bbox 2065 841 2194 882; x_wconf 90' lang='lat' dir='ltr'>terris</span> <span class='ocrx_word' id='word_1_73' title='bbox 2225 843 2278 883; x_wconf 91' lang='lat' dir='ltr'>de</span> 
     </span>
     <span class='ocr_line' id='line_1_9' title="bbox 477 901 2277 961; baseline 0.006 -19"><span class='ocrx_word' id='word_1_74' title='bbox 477 901 685 956; x_wconf 89' lang='lat' dir='ltr'>balmady</span> <span class='ocrx_word' id='word_1_75' title='bbox 706 916 807 944; x_wconf 91' lang='lat' dir='ltr'>cum</span> <span class='ocrx_word' id='word_1_76' title='bbox 832 903 1117 957; x_wconf 85' lang='lat' dir='ltr'>pertinenciis</span> <span class='ocrx_word' id='word_1_77' title='bbox 1141 906 1398 948; x_wconf 88' lang='lat' dir='ltr'>lacentibus</span> <span class='ocrx_word' id='word_1_78' title='bbox 1421 906 1464 948; x_wconf 90' lang='lat' dir='ltr'>in</span> <span class='ocrx_word' id='word_1_79' title='bbox 1488 906 1670 949; x_wconf 90' lang='lat' dir='ltr'>baronia</span> <span class='ocrx_word' id='word_1_80' title='bbox 1693 909 1745 949; x_wconf 94' lang='lat' dir='ltr'>de</span> <span class='ocrx_word' id='word_1_81' title='bbox 1768 910 1998 961; x_wconf 81' lang='lat' dir='ltr'>grandoun</span> <span class='ocrx_word' id='word_1_82' title='bbox 2031 909 2143 952; x_wconf 88' lang='lat' dir='ltr'>infra</span> <span class='ocrx_word' id='word_1_83' title='bbox 2164 910 2277 954; x_wconf 90' lang='lat' dir='ltr'>vice-</span> 
     </span>
     <span class='ocr_line' id='line_1_10' title="bbox 475 971 2275 1032; baseline 0.006 -20"><span class='ocrx_word' id='word_1_84' title='bbox 475 971 740 1014; x_wconf 88' lang='lat' dir='ltr'>comitatum</span> <span class='ocrx_word' id='word_1_85' title='bbox 764 974 816 1014; x_wconf 90' lang='lat' dir='ltr'>de</span> <span class='ocrx_word' id='word_1_86' title='bbox 839 973 1031 1016; x_wconf 89' lang='lat' dir='ltr'>Abirden</span> <span class='ocrx_word' id='word_1_87' title='bbox 1058 975 1426 1019; x_wconf 89' lang='lat' dir='ltr'><strong>TENENDUM</strong></span> <span class='ocrx_word' id='word_1_88' title='bbox 1457 984 1499 1018; x_wconf 92' lang='lat' dir='ltr'>et</span> <span class='ocrx_word' id='word_1_89' title='bbox 1523 977 1776 1020; x_wconf 88' lang='lat' dir='ltr'>habendum</span> <span class='ocrx_word' id='word_1_90' title='bbox 1804 978 2050 1032; x_wconf 89' lang='lat' dir='ltr'>predictum</span> <span class='ocrx_word' id='word_1_91' title='bbox 2078 994 2275 1022; x_wconf 91' lang='lat' dir='ltr'>annuum</span> 
     </span>
     <span class='ocr_line' id='line_1_11' title="bbox 475 1042 2276 1102; baseline 0.006 -20"><span class='ocrx_word' id='word_1_92' title='bbox 475 1042 694 1084; x_wconf 91' lang='lat' dir='ltr'>redditum</span> <span class='ocrx_word' id='word_1_93' title='bbox 737 1043 871 1085; x_wconf 91' lang='lat' dir='ltr'>trium</span> <span class='ocrx_word' id='word_1_94' title='bbox 915 1045 1125 1088; x_wconf 89' lang='lat' dir='ltr'>librarum</span> <span class='ocrx_word' id='word_1_95' title='bbox 1169 1047 1338 1101; x_wconf 90' lang='lat' dir='ltr'>prefato</span> <span class='ocrx_word' id='word_1_96' title='bbox 1380 1048 1612 1102; x_wconf 91' lang='lat' dir='ltr'>capellano</span> <span class='ocrx_word' id='word_1_97' title='bbox 1653 1055 1696 1090; x_wconf 92' lang='lat' dir='ltr'>et</span> <span class='ocrx_word' id='word_1_98' title='bbox 1734 1049 1826 1090; x_wconf 92' lang='lat' dir='ltr'>suis</span> <span class='ocrx_word' id='word_1_99' title='bbox 1863 1049 2195 1092; x_wconf 88' lang='lat' dir='ltr'>successoribus</span> <span class='ocrx_word' id='word_1_100' title='bbox 2232 1051 2276 1092; x_wconf 91' lang='lat' dir='ltr'>in</span> 
     </span>
     <span class='ocr_line' id='line_1_12' title="bbox 475 1115 2276 1173; baseline 0.006 -21"><span class='ocrx_word' id='word_1_101' title='bbox 475 1124 630 1164; x_wconf 90' lang='lat' dir='ltr'>puram</span> <span class='ocrx_word' id='word_1_102' title='bbox 663 1118 706 1154; x_wconf 90' lang='lat' dir='ltr'>et</span> <span class='ocrx_word' id='word_1_103' title='bbox 739 1119 998 1167; x_wconf 89' lang='lat' dir='ltr'>perpetuam</span> <span class='ocrx_word' id='word_1_104' title='bbox 1035 1115 1314 1158; x_wconf 86' lang='lat' dir='ltr'>elimosinam</span> <span class='ocrx_word' id='word_1_105' title='bbox 1347 1117 1674 1172; x_wconf 89' lang='lat' dir='ltr'>imperpetuum</span> <span class='ocrx_word' id='word_1_106' title='bbox 1709 1119 1793 1159; x_wconf 90' lang='lat' dir='ltr'>Pro</span> <span class='ocrx_word' id='word_1_107' title='bbox 1826 1119 2093 1173; x_wconf 91' lang='lat' dir='ltr'>quoquidem</span> <span class='ocrx_word' id='word_1_108' title='bbox 2127 1134 2276 1162; x_wconf 90' lang='lat' dir='ltr'>annuo</span> 
     </span>
     <span class='ocr_line' id='line_1_13' title="bbox 474 1180 2275 1241; baseline 0.006 -21"><span class='ocrx_word' id='word_1_109' title='bbox 474 1180 646 1222; x_wconf 92' lang='lat' dir='ltr'>redditu</span> <span class='ocrx_word' id='word_1_110' title='bbox 672 1182 869 1236; x_wconf 91' lang='lat' dir='ltr'>predicto</span> <span class='ocrx_word' id='word_1_111' title='bbox 887 1184 1001 1226; x_wconf 93' lang='lat' dir='ltr'>Volo</span> <span class='ocrx_word' id='word_1_112' title='bbox 1019 1187 1134 1239; x_wconf 93' lang='lat' dir='ltr'>quod</span> <span class='ocrx_word' id='word_1_113' title='bbox 1158 1186 1384 1240; x_wconf 89' lang='lat' dir='ltr'>predictus</span> <span class='ocrx_word' id='word_1_114' title='bbox 1407 1187 1666 1241; x_wconf 86' lang='lat' dir='ltr'>capellanus</span> <span class='ocrx_word' id='word_1_115' title='bbox 1689 1188 1844 1229; x_wconf 90' lang='lat' dir='ltr'>altaris</span> <span class='ocrx_word' id='word_1_116' title='bbox 1866 1188 2008 1230; x_wconf 92' lang='lat' dir='ltr'>sancti</span> <span class='ocrx_word' id='word_1_117' title='bbox 2033 1189 2275 1231; x_wconf 89' lang='lat' dir='ltr'>sebastiani</span> 
     </span>
     <span class='ocr_line' id='line_1_14' title="bbox 474 1249 2275 1312; baseline 0.007 -23"><span class='ocrx_word' id='word_1_118' title='bbox 474 1255 516 1290; x_wconf 91' lang='lat' dir='ltr'>et</span> <span class='ocrx_word' id='word_1_119' title='bbox 541 1249 608 1290; x_wconf 93' lang='lat' dir='ltr'>sui</span> <span class='ocrx_word' id='word_1_120' title='bbox 631 1264 911 1295; x_wconf 87' lang='lat' dir='ltr'>successores</span> <span class='ocrx_word' id='word_1_121' title='bbox 933 1260 1172 1297; x_wconf 88' lang='lat' dir='ltr'>teneantur</span> <span class='ocrx_word' id='word_1_122' title='bbox 1193 1256 1363 1298; x_wconf 88' lang='lat' dir='ltr'>astricti</span> <span class='ocrx_word' id='word_1_123' title='bbox 1397 1257 1671 1311; x_wconf 90' lang='lat' dir='ltr'>temporibus</span> <span class='ocrx_word' id='word_1_124' title='bbox 1693 1271 1771 1311; x_wconf 89' lang='lat' dir='ltr'>pro</span> <span class='ocrx_word' id='word_1_125' title='bbox 1794 1264 2006 1312; x_wconf 88' lang='lat' dir='ltr'>perpetuo</span> <span class='ocrx_word' id='word_1_126' title='bbox 2027 1259 2188 1300; x_wconf 90' lang='lat' dir='ltr'>futuris</span> <span class='ocrx_word' id='word_1_127' title='bbox 2220 1261 2275 1301; x_wconf 92' lang='lat' dir='ltr'>ad</span> 
     </span>
     <span class='ocr_line' id='line_1_15' title="bbox 474 1322 2274 1381; baseline 0.006 -21"><span class='ocrx_word' id='word_1_128' title='bbox 474 1322 814 1363; x_wconf 90' lang='lat' dir='ltr'>sustentandam</span> <span class='ocrx_word' id='word_1_129' title='bbox 853 1330 895 1364; x_wconf 90' lang='lat' dir='ltr'>et</span> <span class='ocrx_word' id='word_1_130' title='bbox 940 1325 1262 1367; x_wconf 90' lang='lat' dir='ltr'>Inueniendam</span> <span class='ocrx_word' id='word_1_131' title='bbox 1295 1341 1429 1368; x_wconf 89' lang='lat' dir='ltr'>vnam</span> <span class='ocrx_word' id='word_1_132' title='bbox 1467 1327 1721 1381; x_wconf 88' lang='lat' dir='ltr'>lampadem</span> <span class='ocrx_word' id='word_1_133' title='bbox 1765 1342 1865 1369; x_wconf 90' lang='lat' dir='ltr'>cum</span> <span class='ocrx_word' id='word_1_134' title='bbox 1907 1328 2004 1370; x_wconf 92' lang='lat' dir='ltr'>oleo</span> <span class='ocrx_word' id='word_1_135' title='bbox 2045 1329 2274 1371; x_wconf 85' lang='lat' dir='ltr'>ardentem</span> 
     </span>
     <span class='ocr_line' id='line_1_16' title="bbox 472 1391 2274 1446; baseline 0.005 -16"><span class='ocrx_word' id='word_1_136' title='bbox 472 1396 649 1432; x_wconf 91' lang='lat' dir='ltr'>noctem</span> <span class='ocrx_word' id='word_1_137' title='bbox 684 1391 754 1433; x_wconf 93' lang='lat' dir='ltr'>die</span> <span class='ocrx_word' id='word_1_138' title='bbox 786 1407 870 1446; x_wconf 92' lang='lat' dir='ltr'>que</span> <span class='ocrx_word' id='word_1_139' title='bbox 903 1394 1113 1436; x_wconf 88' lang='lat' dir='ltr'>continue</span> <span class='ocrx_word' id='word_1_140' title='bbox 1146 1410 1294 1438; x_wconf 90' lang='lat' dir='ltr'>coram</span> <span class='ocrx_word' id='word_1_141' title='bbox 1329 1403 1609 1438; x_wconf 91' lang='lat' dir='ltr'>sacramento</span> <span class='ocrx_word' id='word_1_142' title='bbox 1639 1397 1693 1439; x_wconf 93' lang='lat' dir='ltr'>ad</span> <span class='ocrx_word' id='word_1_143' title='bbox 1727 1411 1952 1439; x_wconf 90' lang='lat' dir='ltr'>summum</span> <span class='ocrx_word' id='word_1_144' title='bbox 1986 1397 2126 1439; x_wconf 91' lang='lat' dir='ltr'>altare</span> <span class='ocrx_word' id='word_1_145' title='bbox 2158 1397 2274 1440; x_wconf 91' lang='lat' dir='ltr'>dicte</span> 
     </span>
     <span class='ocr_line' id='line_1_17' title="bbox 472 1459 2271 1520; baseline 0.005 -21"><span class='ocrx_word' id='word_1_146' title='bbox 472 1459 657 1501; x_wconf 86' lang='lat' dir='ltr'>ecclesie</span> <span class='ocrx_word' id='word_1_147' title='bbox 676 1461 793 1502; x_wconf 91' lang='lat' dir='ltr'>beati</span> <span class='ocrx_word' id='word_1_148' title='bbox 816 1461 1024 1518; x_wconf 90' lang='lat' dir='ltr'>nicholaij</span> <span class='ocrx_word' id='word_1_149' title='bbox 1051 1465 1216 1518; x_wconf 86' lang='lat' dir='ltr'>absque</span> <span class='ocrx_word' id='word_1_150' title='bbox 1239 1464 1509 1507; x_wconf 85' lang='lat' dir='ltr'>extinctione</span> <span class='ocrx_word' id='word_1_151' title='bbox 1527 1472 1603 1507; x_wconf 89' lang='lat' dir='ltr'>aut</span> <span class='ocrx_word' id='word_1_152' title='bbox 1621 1465 1794 1507; x_wconf 89' lang='lat' dir='ltr'>defectu</span> <span class='ocrx_word' id='word_1_153' title='bbox 1812 1480 2092 1520; x_wconf 91' lang='lat' dir='ltr'>quocumque</span> <span class='ocrx_word' id='word_1_154' title='bbox 2116 1466 2198 1508; x_wconf 91' lang='lat' dir='ltr'>ET</span> <span class='ocrx_word' id='word_1_155' title='bbox 2217 1467 2271 1508; x_wconf 94' lang='lat' dir='ltr'>SI</span> 
     </span>
     <span class='ocr_line' id='line_1_18' title="bbox 473 1529 2274 1590; baseline 0.004 -20"><span class='ocrx_word' id='word_1_156' title='bbox 473 1529 844 1573; x_wconf 88' lang='lat' dir='ltr'><strong>CONTINGAT</strong></span> <span class='ocrx_word' id='word_1_157' title='bbox 866 1534 982 1586; x_wconf 91' lang='lat' dir='ltr'>quod</span> <span class='ocrx_word' id='word_1_158' title='bbox 1006 1533 1121 1576; x_wconf 90' lang='lat' dir='ltr'>absit</span> <span class='ocrx_word' id='word_1_159' title='bbox 1144 1534 1364 1588; x_wconf 87' lang='lat' dir='ltr'>prefatum</span> <span class='ocrx_word' id='word_1_160' title='bbox 1388 1535 1670 1590; x_wconf 90' lang='lat' dir='ltr'>capellanum</span> <span class='ocrx_word' id='word_1_161' title='bbox 1693 1535 1737 1576; x_wconf 91' lang='lat' dir='ltr'>in</span> <span class='ocrx_word' id='word_1_162' title='bbox 1762 1535 2093 1577; x_wconf 88' lang='lat' dir='ltr'>sustentacione</span> <span class='ocrx_word' id='word_1_163' title='bbox 2116 1536 2274 1578; x_wconf 92' lang='lat' dir='ltr'>diurna</span> 
     </span>
     <span class='ocr_line' id='line_1_19' title="bbox 471 1602 2273 1659; baseline 0.004 -20"><span class='ocrx_word' id='word_1_164' title='bbox 471 1604 513 1640; x_wconf 90' lang='lat' dir='ltr'>et</span> <span class='ocrx_word' id='word_1_165' title='bbox 532 1606 750 1642; x_wconf 90' lang='lat' dir='ltr'>nocturna</span> <span class='ocrx_word' id='word_1_166' title='bbox 773 1615 823 1643; x_wconf 92' lang='lat' dir='ltr'>ac</span> <span class='ocrx_word' id='word_1_167' title='bbox 843 1602 1055 1645; x_wconf 91' lang='lat' dir='ltr'>continua</span> <span class='ocrx_word' id='word_1_168' title='bbox 1072 1604 1321 1646; x_wconf 89' lang='lat' dir='ltr'>nutricione</span> <span class='ocrx_word' id='word_1_169' title='bbox 1339 1605 1455 1647; x_wconf 91' lang='lat' dir='ltr'>dicte</span> <span class='ocrx_word' id='word_1_170' title='bbox 1473 1605 1695 1659; x_wconf 89' lang='lat' dir='ltr'>lampadis</span> <span class='ocrx_word' id='word_1_171' title='bbox 1717 1619 1818 1646; x_wconf 90' lang='lat' dir='ltr'>cum</span> <span class='ocrx_word' id='word_1_172' title='bbox 1837 1605 1933 1647; x_wconf 91' lang='lat' dir='ltr'>oleo</span> <span class='ocrx_word' id='word_1_173' title='bbox 1955 1605 2141 1647; x_wconf 90' lang='lat' dir='ltr'>deficere</span> <span class='ocrx_word' id='word_1_174' title='bbox 2159 1606 2273 1648; x_wconf 93' lang='lat' dir='ltr'>Volo</span> 
     </span>
     <span class='ocr_line' id='line_1_20' title="bbox 471 1668 2271 1729; baseline 0.004 -21"><span class='ocrx_word' id='word_1_175' title='bbox 471 1668 585 1720; x_wconf 92' lang='lat' dir='ltr'>quod</span> <span class='ocrx_word' id='word_1_176' title='bbox 618 1675 800 1711; x_wconf 92' lang='lat' dir='ltr'>curatus</span> <span class='ocrx_word' id='word_1_177' title='bbox 831 1677 873 1712; x_wconf 87' lang='lat' dir='ltr'>et</span> <span class='ocrx_word' id='word_1_178' title='bbox 906 1672 1152 1726; x_wconf 90' lang='lat' dir='ltr'>capitulum</span> <span class='ocrx_word' id='word_1_179' title='bbox 1183 1673 1299 1715; x_wconf 88' lang='lat' dir='ltr'>dicte</span> <span class='ocrx_word' id='word_1_180' title='bbox 1322 1674 1507 1716; x_wconf 88' lang='lat' dir='ltr'>ecclesie</span> <span class='ocrx_word' id='word_1_181' title='bbox 1539 1673 1808 1728; x_wconf 90' lang='lat' dir='ltr'>parochialis</span> <span class='ocrx_word' id='word_1_182' title='bbox 1830 1675 1883 1716; x_wconf 94' lang='lat' dir='ltr'>de</span> <span class='ocrx_word' id='word_1_183' title='bbox 1906 1674 2098 1717; x_wconf 91' lang='lat' dir='ltr'>Abirden</span> <span class='ocrx_word' id='word_1_184' title='bbox 2125 1674 2271 1729; x_wconf 91' lang='lat' dir='ltr'>ipsum</span> 
     </span>
     <span class='ocr_line' id='line_1_21' title="bbox 470 1736 2271 1798; baseline 0.005 -21"><span class='ocrx_word' id='word_1_185' title='bbox 470 1736 750 1790; x_wconf 90' lang='lat' dir='ltr'>capellanum</span> <span class='ocrx_word' id='word_1_186' title='bbox 775 1754 852 1794; x_wconf 91' lang='lat' dir='ltr'>pro</span> <span class='ocrx_word' id='word_1_187' title='bbox 874 1741 1181 1784; x_wconf 88' lang='lat' dir='ltr'>reseruacione</span> <span class='ocrx_word' id='word_1_188' title='bbox 1204 1742 1320 1785; x_wconf 91' lang='lat' dir='ltr'>dicte</span> <span class='ocrx_word' id='word_1_189' title='bbox 1343 1743 1564 1798; x_wconf 90' lang='lat' dir='ltr'>lampadis</span> <span class='ocrx_word' id='word_1_190' title='bbox 1582 1744 1748 1797; x_wconf 88' lang='lat' dir='ltr'>absque</span> <span class='ocrx_word' id='word_1_191' title='bbox 1766 1742 1983 1785; x_wconf 87' lang='lat' dir='ltr'>citacione</span> <span class='ocrx_word' id='word_1_192' title='bbox 2001 1744 2271 1798; x_wconf 89' lang='lat' dir='ltr'>compellant</span> 
     </span>
     <span class='ocr_line' id='line_1_22' title="bbox 468 1811 2271 1868; baseline 0.004 -21"><span class='ocrx_word' id='word_1_193' title='bbox 468 1812 511 1847; x_wconf 92' lang='lat' dir='ltr'>et</span> <span class='ocrx_word' id='word_1_194' title='bbox 535 1820 636 1848; x_wconf 92' lang='lat' dir='ltr'>cum</span> <span class='ocrx_word' id='word_1_195' title='bbox 667 1821 843 1851; x_wconf 90' lang='lat' dir='ltr'>summa</span> <span class='ocrx_word' id='word_1_196' title='bbox 872 1811 1007 1853; x_wconf 92' lang='lat' dir='ltr'>annui</span> <span class='ocrx_word' id='word_1_197' title='bbox 1037 1812 1235 1854; x_wconf 86' lang='lat' dir='ltr'>redditus</span> <span class='ocrx_word' id='word_1_198' title='bbox 1258 1814 1313 1855; x_wconf 92' lang='lat' dir='ltr'>ad</span> <span class='ocrx_word' id='word_1_199' title='bbox 1337 1827 1498 1855; x_wconf 89' lang='lat' dir='ltr'>manus</span> <span class='ocrx_word' id='word_1_200' title='bbox 1527 1812 1727 1868; x_wconf 89' lang='lat' dir='ltr'>proprias</span> <span class='ocrx_word' id='word_1_201' title='bbox 1749 1812 1965 1867; x_wconf 90' lang='lat' dir='ltr'>recipiant</span> <span class='ocrx_word' id='word_1_202' title='bbox 1987 1819 2030 1854; x_wconf 91' lang='lat' dir='ltr'>et</span> <span class='ocrx_word' id='word_1_203' title='bbox 2053 1813 2271 1855; x_wconf 90' lang='lat' dir='ltr'>intromit-</span> 
     </span>
     <span class='ocr_line' id='line_1_23' title="bbox 468 1882 2270 1938; baseline 0.004 -21"><span class='ocrx_word' id='word_1_204' title='bbox 468 1882 566 1918; x_wconf 90' lang='lat' dir='ltr'>tant</span> <span class='ocrx_word' id='word_1_205' title='bbox 599 1891 775 1933; x_wconf 88' lang='lat' dir='ltr'>semper</span> <span class='ocrx_word' id='word_1_206' title='bbox 805 1886 848 1922; x_wconf 92' lang='lat' dir='ltr'>et</span> <span class='ocrx_word' id='word_1_207' title='bbox 880 1895 1109 1936; x_wconf 88' lang='lat' dir='ltr'>quousque</span> <span class='ocrx_word' id='word_1_208' title='bbox 1132 1882 1278 1925; x_wconf 89' lang='lat' dir='ltr'>dictus</span> <span class='ocrx_word' id='word_1_209' title='bbox 1307 1884 1567 1938; x_wconf 89' lang='lat' dir='ltr'>capellanus</span> <span class='ocrx_word' id='word_1_210' title='bbox 1589 1883 1834 1938; x_wconf 90' lang='lat' dir='ltr'>predictam</span> <span class='ocrx_word' id='word_1_211' title='bbox 1867 1882 2120 1937; x_wconf 91' lang='lat' dir='ltr'>lampadem</span> <span class='ocrx_word' id='word_1_212' title='bbox 2154 1884 2270 1925; x_wconf 88' lang='lat' dir='ltr'>suffi-</span> 
     </span>
     <span class='ocr_line' id='line_1_24' title="bbox 468 1943 2270 2007; baseline 0.005 -23"><span class='ocrx_word' id='word_1_213' title='bbox 468 1943 635 1986; x_wconf 90' lang='lat' dir='ltr'>cienter</span> <span class='ocrx_word' id='word_1_214' title='bbox 656 1946 875 1990; x_wconf 89' lang='lat' dir='ltr'>sustineat</span> <span class='ocrx_word' id='word_1_215' title='bbox 901 1951 965 1991; x_wconf 96' lang='lat' dir='ltr'>IN</span> <span class='ocrx_word' id='word_1_216' title='bbox 987 1950 1126 1994; x_wconf 91' lang='lat' dir='ltr'>Cuius</span> <span class='ocrx_word' id='word_1_217' title='bbox 1144 1951 1205 1993; x_wconf 89' lang='lat' dir='ltr'>rei</span> <span class='ocrx_word' id='word_1_218' title='bbox 1223 1951 1531 1994; x_wconf 90' lang='lat' dir='ltr'>testimonium</span> <span class='ocrx_word' id='word_1_219' title='bbox 1556 1952 1761 2006; x_wconf 86' lang='lat' dir='ltr'>Sigillum</span> <span class='ocrx_word' id='word_1_220' title='bbox 1785 1966 1933 1994; x_wconf 91' lang='lat' dir='ltr'>meum</span> <span class='ocrx_word' id='word_1_221' title='bbox 1957 1952 2060 1994; x_wconf 90' lang='lat' dir='ltr'>huic</span> <span class='ocrx_word' id='word_1_222' title='bbox 2077 1953 2270 2007; x_wconf 89' lang='lat' dir='ltr'>presenti</span> 
     </span>
     <span class='ocr_line' id='line_1_25' title="bbox 468 2021 2270 2076; baseline 0.006 -21"><span class='ocrx_word' id='word_1_223' title='bbox 468 2021 588 2057; x_wconf 89' lang='lat' dir='ltr'>carte</span> <span class='ocrx_word' id='word_1_224' title='bbox 625 2030 722 2058; x_wconf 90' lang='lat' dir='ltr'>mee</span> <span class='ocrx_word' id='word_1_225' title='bbox 758 2024 824 2059; x_wconf 91' lang='lat' dir='ltr'>est</span> <span class='ocrx_word' id='word_1_226' title='bbox 860 2033 1106 2074; x_wconf 88' lang='lat' dir='ltr'>appensum</span> <span class='ocrx_word' id='word_1_227' title='bbox 1144 2022 1273 2076; x_wconf 90' lang='lat' dir='ltr'>Apud</span> <span class='ocrx_word' id='word_1_228' title='bbox 1317 2022 1579 2076; x_wconf 84' lang='lat' dir='ltr'>Edinburgh</span> <span class='ocrx_word' id='word_1_229' title='bbox 1617 2022 1950 2076; x_wconf 89' lang='lat' dir='ltr'>decimoquarto</span> <span class='ocrx_word' id='word_1_230' title='bbox 1991 2022 2061 2064; x_wconf 94' lang='lat' dir='ltr'>die</span> <span class='ocrx_word' id='word_1_231' title='bbox 2102 2023 2270 2065; x_wconf 89' lang='lat' dir='ltr'>mensis</span> 
     </span>
     <span class='ocr_line' id='line_1_26' title="bbox 469 2084 2270 2147; baseline 0.005 -22"><span class='ocrx_word' id='word_1_232' title='bbox 469 2084 737 2128; x_wconf 90' lang='lat' dir='ltr'>Nouembris</span> <span class='ocrx_word' id='word_1_233' title='bbox 773 2102 891 2130; x_wconf 92' lang='lat' dir='ltr'>anno</span> <span class='ocrx_word' id='word_1_234' title='bbox 928 2090 1095 2132; x_wconf 90' lang='lat' dir='ltr'>domini</span> <span class='ocrx_word' id='word_1_235' title='bbox 1131 2091 1369 2134; x_wconf 89' lang='lat' dir='ltr'>millesimo</span> <span class='ocrx_word' id='word_1_236' title='bbox 1406 2092 1775 2147; x_wconf 82' lang='lat' dir='ltr'>Quingentesimo</span> <span class='ocrx_word' id='word_1_237' title='bbox 1810 2092 1948 2134; x_wconf 91' lang='lat' dir='ltr'>tercio</span> <span class='ocrx_word' id='word_1_238' title='bbox 1984 2093 2146 2134; x_wconf 91' lang='lat' dir='ltr'>Coram</span> <span class='ocrx_word' id='word_1_239' title='bbox 2183 2093 2270 2135; x_wconf 92' lang='lat' dir='ltr'>hiis</span> 
     </span>
     <span class='ocr_line' id='line_1_27' title="bbox 466 2154 2267 2217; baseline 0.005 -22"><span class='ocrx_word' id='word_1_240' title='bbox 466 2154 656 2197; x_wconf 90' lang='lat' dir='ltr'>testibus</span> <span class='ocrx_word' id='word_1_241' title='bbox 699 2156 904 2201; x_wconf 90' lang='lat' dir='ltr'>videlicet</span> <span class='ocrx_word' id='word_1_242' title='bbox 958 2161 1222 2204; x_wconf 89' lang='lat' dir='ltr'>Reuerendo</span> <span class='ocrx_word' id='word_1_243' title='bbox 1273 2162 1317 2204; x_wconf 92' lang='lat' dir='ltr'>in</span> <span class='ocrx_word' id='word_1_244' title='bbox 1369 2163 1535 2204; x_wconf 90' lang='lat' dir='ltr'>christo</span> <span class='ocrx_word' id='word_1_245' title='bbox 1586 2169 1712 2217; x_wconf 90' lang='lat' dir='ltr'>patre</span> <span class='ocrx_word' id='word_1_246' title='bbox 1763 2168 1806 2204; x_wconf 91' lang='lat' dir='ltr'>et</span> <span class='ocrx_word' id='word_1_247' title='bbox 1857 2162 2036 2204; x_wconf 91' lang='lat' dir='ltr'>domino</span> <span class='ocrx_word' id='word_1_248' title='bbox 2087 2163 2267 2205; x_wconf 91' lang='lat' dir='ltr'>domino</span> 
     </span>
     <span class='ocr_line' id='line_1_28' title="bbox 467 2223 2266 2287; baseline 0.006 -22"><span class='ocrx_word' id='word_1_249' title='bbox 467 2223 698 2268; x_wconf 86' lang='lat' dir='ltr'>Willelmo</span> <span class='ocrx_word' id='word_1_250' title='bbox 740 2228 965 2284; x_wconf 91' lang='lat' dir='ltr'>Episcopo</span> <span class='ocrx_word' id='word_1_251' title='bbox 1007 2231 1289 2274; x_wconf 89' lang='lat' dir='ltr'>abirdonensi</span> <span class='ocrx_word' id='word_1_252' title='bbox 1333 2234 1497 2275; x_wconf 91' lang='lat' dir='ltr'>Iacobo</span> <span class='ocrx_word' id='word_1_253' title='bbox 1542 2233 1715 2274; x_wconf 89' lang='lat' dir='ltr'>dunbar</span> <span class='ocrx_word' id='word_1_254' title='bbox 1755 2233 1808 2274; x_wconf 92' lang='lat' dir='ltr'>de</span> <span class='ocrx_word' id='word_1_255' title='bbox 1849 2232 2084 2287; x_wconf 88' lang='lat' dir='ltr'>blakerage</span> <span class='ocrx_word' id='word_1_256' title='bbox 2126 2233 2266 2275; x_wconf 90' lang='lat' dir='ltr'>milite</span> 
     </span>
     <span class='ocr_line' id='line_1_29' title="bbox 465 2294 2266 2356; baseline 0.004 -21"><span class='ocrx_word' id='word_1_257' title='bbox 465 2294 716 2339; x_wconf 85' lang='lat' dir='ltr'>Alexandro</span> <span class='ocrx_word' id='word_1_258' title='bbox 738 2298 1013 2342; x_wconf 91' lang='lat' dir='ltr'>banermann</span> <span class='ocrx_word' id='word_1_259' title='bbox 1036 2303 1089 2344; x_wconf 90' lang='lat' dir='ltr'>de</span> <span class='ocrx_word' id='word_1_260' title='bbox 1112 2303 1398 2345; x_wconf 88' lang='lat' dir='ltr'>Waltertoun</span> <span class='ocrx_word' id='word_1_261' title='bbox 1421 2302 1601 2345; x_wconf 90' lang='lat' dir='ltr'>domino</span> <span class='ocrx_word' id='word_1_262' title='bbox 1623 2302 1799 2344; x_wconf 90' lang='lat' dir='ltr'>Thoma</span> <span class='ocrx_word' id='word_1_263' title='bbox 1822 2308 2028 2356; x_wconf 90' lang='lat' dir='ltr'>myrtoun</span> <span class='ocrx_word' id='word_1_264' title='bbox 2051 2302 2266 2344; x_wconf 91' lang='lat' dir='ltr'>canonico</span> 
     </span>
     <span class='ocr_line' id='line_1_30' title="bbox 467 2364 2265 2427; baseline 0.005 -23"><span class='ocrx_word' id='word_1_265' title='bbox 467 2364 735 2408; x_wconf 87' lang='lat' dir='ltr'>morauiensi</span> <span class='ocrx_word' id='word_1_266' title='bbox 770 2369 970 2412; x_wconf 90' lang='lat' dir='ltr'>Iohanne</span> <span class='ocrx_word' id='word_1_267' title='bbox 999 2385 1096 2413; x_wconf 89' lang='lat' dir='ltr'>mar</span> <span class='ocrx_word' id='word_1_268' title='bbox 1123 2378 1165 2414; x_wconf 93' lang='lat' dir='ltr'>et</span> <span class='ocrx_word' id='word_1_269' title='bbox 1194 2386 1383 2427; x_wconf 86' lang='lat' dir='ltr'>georgeo</span> <span class='ocrx_word' id='word_1_270' title='bbox 1414 2373 1602 2414; x_wconf 91' lang='lat' dir='ltr'>Dunbar</span> <span class='ocrx_word' id='word_1_271' title='bbox 1631 2386 1731 2414; x_wconf 91' lang='lat' dir='ltr'>cum</span> <span class='ocrx_word' id='word_1_272' title='bbox 1761 2371 1949 2413; x_wconf 90' lang='lat' dir='ltr'>diuersis</span> <span class='ocrx_word' id='word_1_273' title='bbox 1976 2371 2074 2413; x_wconf 87' lang='lat' dir='ltr'>aliis</span> <span class='ocrx_word' id='word_1_274' title='bbox 2095 2371 2184 2413; x_wconf 92' lang='lat' dir='ltr'>Till</span> <span class='ocrx_word' id='word_1_275' title='bbox 2208 2372 2265 2414; x_wconf 90' lang='lat' dir='ltr'>all</span> 
     </span>
     <span class='ocr_line' id='line_1_31' title="bbox 465 2435 2266 2497; baseline 0.004 -22"><span class='ocrx_word' id='word_1_276' title='bbox 465 2435 579 2476; x_wconf 91' lang='lat' dir='ltr'>ande</span> <span class='ocrx_word' id='word_1_277' title='bbox 611 2435 762 2492; x_wconf 85' lang='lat' dir='ltr'>sindry</span> <span class='ocrx_word' id='word_1_278' title='bbox 792 2445 838 2481; x_wconf 93' lang='lat' dir='ltr'>to</span> <span class='ocrx_word' id='word_1_279' title='bbox 871 2441 1030 2494; x_wconf 88' lang='lat' dir='ltr'>quhais</span> <span class='ocrx_word' id='word_1_280' title='bbox 1061 2442 1290 2497; x_wconf 88' lang='lat' dir='ltr'>knawlege</span> <span class='ocrx_word' id='word_1_281' title='bbox 1321 2443 1411 2484; x_wconf 89' lang='lat' dir='ltr'>thir</span> <span class='ocrx_word' id='word_1_282' title='bbox 1442 2449 1619 2497; x_wconf 89' lang='lat' dir='ltr'>present</span> <span class='ocrx_word' id='word_1_283' title='bbox 1652 2442 1805 2483; x_wconf 90' lang='lat' dir='ltr'>letters</span> <span class='ocrx_word' id='word_1_284' title='bbox 1837 2442 1918 2483; x_wconf 91' lang='lat' dir='ltr'>sall</span> <span class='ocrx_word' id='word_1_285' title='bbox 1945 2448 1991 2483; x_wconf 93' lang='lat' dir='ltr'>to</span> <span class='ocrx_word' id='word_1_286' title='bbox 2013 2456 2115 2483; x_wconf 91' lang='lat' dir='ltr'>cum</span> <span class='ocrx_word' id='word_1_287' title='bbox 2137 2441 2266 2484; x_wconf 87' lang='lat' dir='ltr'>Alex-</span> 
     </span>
     <span class='ocr_line' id='line_1_32' title="bbox 465 2504 2264 2565; baseline 0.004 -21"><span class='ocrx_word' id='word_1_288' title='bbox 465 2504 603 2545; x_wconf 91' lang='lat' dir='ltr'>ander</span> <span class='ocrx_word' id='word_1_289' title='bbox 639 2505 744 2548; x_wconf 87' lang='lat' dir='ltr'>Erle</span> <span class='ocrx_word' id='word_1_290' title='bbox 780 2508 827 2549; x_wconf 91' lang='lat' dir='ltr'>of</span> <span class='ocrx_word' id='word_1_291' title='bbox 864 2510 1067 2552; x_wconf 93' lang='lat' dir='ltr'>buchane</span> <span class='ocrx_word' id='word_1_292' title='bbox 1104 2513 1217 2554; x_wconf 89' lang='lat' dir='ltr'>ande</span> <span class='ocrx_word' id='word_1_293' title='bbox 1254 2513 1417 2554; x_wconf 89' lang='lat' dir='ltr'>barone</span> <span class='ocrx_word' id='word_1_294' title='bbox 1454 2511 1501 2553; x_wconf 87' lang='lat' dir='ltr'>of</span> <span class='ocrx_word' id='word_1_295' title='bbox 1536 2512 1793 2565; x_wconf 84' lang='lat' dir='ltr'>grandoune</span> <span class='ocrx_word' id='word_1_296' title='bbox 1834 2510 2034 2564; x_wconf 84' lang='lat' dir='ltr'>gretinge</span> <span class='ocrx_word' id='word_1_297' title='bbox 2071 2509 2116 2552; x_wconf 91' lang='lat' dir='ltr'>in</span> <span class='ocrx_word' id='word_1_298' title='bbox 2153 2511 2264 2565; x_wconf 89' lang='lat' dir='ltr'>gode</span> 
     </span>
     <span class='ocr_line' id='line_1_33' title="bbox 464 2572 2265 2635; baseline 0.006 -23"><span class='ocrx_word' id='word_1_299' title='bbox 464 2572 725 2630; x_wconf 87' lang='lat' dir='ltr'>euirlesting</span> <span class='ocrx_word' id='word_1_300' title='bbox 744 2578 888 2620; x_wconf 91' lang='lat' dir='ltr'>Zoure</span> <span class='ocrx_word' id='word_1_301' title='bbox 909 2579 1192 2623; x_wconf 89' lang='lat' dir='ltr'>vniuersiteis</span> <span class='ocrx_word' id='word_1_302' title='bbox 1215 2582 1296 2624; x_wconf 91' lang='lat' dir='ltr'>sall</span> <span class='ocrx_word' id='word_1_303' title='bbox 1319 2581 1394 2623; x_wconf 89' lang='lat' dir='ltr'>wit</span> <span class='ocrx_word' id='word_1_304' title='bbox 1420 2596 1484 2623; x_wconf 89' lang='lat' dir='ltr'>Ws</span> <span class='ocrx_word' id='word_1_305' title='bbox 1514 2581 1580 2623; x_wconf 88' lang='lat' dir='ltr'>for</span> <span class='ocrx_word' id='word_1_306' title='bbox 1610 2582 1698 2635; x_wconf 83' lang='lat' dir='ltr'>gud</span> <span class='ocrx_word' id='word_1_307' title='bbox 1721 2582 1834 2623; x_wconf 91' lang='lat' dir='ltr'>ande</span> <span class='ocrx_word' id='word_1_308' title='bbox 1856 2579 2093 2623; x_wconf 89' lang='lat' dir='ltr'>resonabill</span> <span class='ocrx_word' id='word_1_309' title='bbox 2117 2581 2265 2623; x_wconf 93' lang='lat' dir='ltr'>causis</span> 
     </span>
     <span class='ocr_line' id='line_1_34' title="bbox 465 2643 2263 2706; baseline 0.005 -24"><span class='ocrx_word' id='word_1_310' title='bbox 465 2643 579 2684; x_wconf 91' lang='lat' dir='ltr'>ande</span> <span class='ocrx_word' id='word_1_311' title='bbox 602 2645 782 2698; x_wconf 87' lang='lat' dir='ltr'>speciall</span> <span class='ocrx_word' id='word_1_312' title='bbox 805 2647 871 2689; x_wconf 88' lang='lat' dir='ltr'>for</span> <span class='ocrx_word' id='word_1_313' title='bbox 891 2649 967 2691; x_wconf 92' lang='lat' dir='ltr'>the</span> <span class='ocrx_word' id='word_1_314' title='bbox 1000 2651 1345 2705; x_wconf 86' lang='lat' dir='ltr'>agmentacioun</span> <span class='ocrx_word' id='word_1_315' title='bbox 1368 2652 1414 2694; x_wconf 88' lang='lat' dir='ltr'>of</span> <span class='ocrx_word' id='word_1_316' title='bbox 1441 2652 1599 2706; x_wconf 89' lang='lat' dir='ltr'>divyne</span> <span class='ocrx_word' id='word_1_317' title='bbox 1627 2650 1795 2692; x_wconf 91' lang='lat' dir='ltr'>seruice</span> <span class='ocrx_word' id='word_1_318' title='bbox 1825 2650 1871 2692; x_wconf 88' lang='lat' dir='ltr'>of</span> <span class='ocrx_word' id='word_1_319' title='bbox 1897 2651 1983 2704; x_wconf 86' lang='lat' dir='ltr'>god</span> <span class='ocrx_word' id='word_1_320' title='bbox 2006 2651 2119 2692; x_wconf 89' lang='lat' dir='ltr'>ande</span> <span class='ocrx_word' id='word_1_321' title='bbox 2141 2650 2263 2705; x_wconf 87' lang='lat' dir='ltr'>haly-</span> 
     </span>
     <span class='ocr_line' id='line_1_35' title="bbox 464 2709 2263 2775; baseline 0.006 -24"><span class='ocrx_word' id='word_1_322' title='bbox 464 2709 599 2764; x_wconf 91' lang='lat' dir='ltr'>kyrke</span> <span class='ocrx_word' id='word_1_323' title='bbox 636 2716 749 2757; x_wconf 90' lang='lat' dir='ltr'>ande</span> <span class='ocrx_word' id='word_1_324' title='bbox 785 2717 851 2758; x_wconf 92' lang='lat' dir='ltr'>till</span> <span class='ocrx_word' id='word_1_325' title='bbox 889 2721 1134 2773; x_wconf 89' lang='lat' dir='ltr'>perpetuall</span> <span class='ocrx_word' id='word_1_326' title='bbox 1171 2721 1416 2775; x_wconf 85' lang='lat' dir='ltr'>vphalding</span> <span class='ocrx_word' id='word_1_327' title='bbox 1451 2721 1497 2762; x_wconf 89' lang='lat' dir='ltr'>of</span> <span class='ocrx_word' id='word_1_328' title='bbox 1529 2734 1612 2762; x_wconf 90' lang='lat' dir='ltr'>ane</span> <span class='ocrx_word' id='word_1_329' title='bbox 1648 2720 1795 2774; x_wconf 91' lang='lat' dir='ltr'>lampe</span> <span class='ocrx_word' id='word_1_330' title='bbox 1832 2721 1944 2762; x_wconf 91' lang='lat' dir='ltr'>ande</span> <span class='ocrx_word' id='word_1_331' title='bbox 1981 2719 2103 2774; x_wconf 93' lang='lat' dir='ltr'>lycht</span> <span class='ocrx_word' id='word_1_332' title='bbox 2135 2719 2179 2761; x_wconf 94' lang='lat' dir='ltr'>in</span> <span class='ocrx_word' id='word_1_333' title='bbox 2209 2734 2263 2774; x_wconf 93' lang='lat' dir='ltr'>ye</span> 
     </span>
     <span class='ocr_line' id='line_1_36' title="bbox 463 2782 2262 2844; baseline 0.005 -23"><span class='ocrx_word' id='word_1_334' title='bbox 463 2782 628 2833; x_wconf 89' lang='lat' dir='ltr'>paroch</span> <span class='ocrx_word' id='word_1_335' title='bbox 662 2784 798 2839; x_wconf 89' lang='lat' dir='ltr'>kyrke</span> <span class='ocrx_word' id='word_1_336' title='bbox 834 2787 881 2829; x_wconf 88' lang='lat' dir='ltr'>of</span> <span class='ocrx_word' id='word_1_337' title='bbox 912 2789 1130 2832; x_wconf 90' lang='lat' dir='ltr'>aberdene</span> <span class='ocrx_word' id='word_1_338' title='bbox 1167 2791 1287 2833; x_wconf 89' lang='lat' dir='ltr'>befor</span> <span class='ocrx_word' id='word_1_339' title='bbox 1318 2791 1394 2832; x_wconf 92' lang='lat' dir='ltr'>the</span> <span class='ocrx_word' id='word_1_340' title='bbox 1432 2796 1683 2832; x_wconf 90' lang='lat' dir='ltr'>sacrament</span> <span class='ocrx_word' id='word_1_341' title='bbox 1720 2796 1765 2832; x_wconf 90' lang='lat' dir='ltr'>at</span> <span class='ocrx_word' id='word_1_342' title='bbox 1800 2804 1854 2844; x_wconf 91' lang='lat' dir='ltr'>ye</span> <span class='ocrx_word' id='word_1_343' title='bbox 1886 2789 1958 2831; x_wconf 91' lang='lat' dir='ltr'>hie</span> <span class='ocrx_word' id='word_1_344' title='bbox 1990 2788 2102 2831; x_wconf 90' lang='lat' dir='ltr'>alter</span> <span class='ocrx_word' id='word_1_345' title='bbox 2133 2789 2179 2830; x_wconf 85' lang='lat' dir='ltr'>of</span> <span class='ocrx_word' id='word_1_346' title='bbox 2209 2803 2262 2843; x_wconf 90' lang='lat' dir='ltr'>ye</span> 
     </span>
     <span class='ocr_line' id='line_1_37' title="bbox 464 2858 2261 2915; baseline -0.002 -13"><span class='ocrx_word' id='word_1_347' title='bbox 464 2865 649 2910; x_wconf 81' lang='lat' dir='ltr'>Samyne</span> <span class='ocrx_word' id='word_1_348' title='bbox 676 2860 802 2902; x_wconf 92' lang='lat' dir='ltr'>Ande</span> <span class='ocrx_word' id='word_1_349' title='bbox 834 2875 888 2915; x_wconf 92' lang='lat' dir='ltr'>ye</span> <span class='ocrx_word' id='word_1_350' title='bbox 914 2875 1094 2902; x_wconf 89' lang='lat' dir='ltr'>ourcom</span> <span class='ocrx_word' id='word_1_351' title='bbox 1127 2867 1172 2902; x_wconf 91' lang='lat' dir='ltr'>to</span> <span class='ocrx_word' id='word_1_352' title='bbox 1203 2876 1256 2915; x_wconf 90' lang='lat' dir='ltr'>ye</span> <span class='ocrx_word' id='word_1_353' title='bbox 1286 2860 1547 2915; x_wconf 89' lang='lat' dir='ltr'>chapellane</span> <span class='ocrx_word' id='word_1_354' title='bbox 1575 2860 1621 2901; x_wconf 84' lang='lat' dir='ltr'>of</span> <span class='ocrx_word' id='word_1_355' title='bbox 1649 2859 1939 2914; x_wconf 89' lang='lat' dir='ltr'>Sebastianys</span> <span class='ocrx_word' id='word_1_356' title='bbox 1961 2859 2073 2901; x_wconf 91' lang='lat' dir='ltr'>alter</span> <span class='ocrx_word' id='word_1_357' title='bbox 2092 2858 2261 2913; x_wconf 90' lang='lat' dir='ltr'>wythin</span> 
     </span>
     <span class='ocr_line' id='line_1_38' title="bbox 462 2927 2263 2985; baseline -0.001 -15"><span class='ocrx_word' id='word_1_358' title='bbox 462 2941 516 2983; x_wconf 72' lang='lat' dir='ltr'>ye</span> <span class='ocrx_word' id='word_1_359' title='bbox 539 2927 660 2971; x_wconf 88' lang='lat' dir='ltr'>saide</span> <span class='ocrx_word' id='word_1_360' title='bbox 689 2929 823 2985; x_wconf 89' lang='lat' dir='ltr'>kyrke</span> <span class='ocrx_word' id='word_1_361' title='bbox 845 2930 912 2972; x_wconf 91' lang='lat' dir='ltr'>till</span> <span class='ocrx_word' id='word_1_362' title='bbox 935 2929 1066 2972; x_wconf 84' lang='lat' dir='ltr'>hasen</span> <span class='ocrx_word' id='word_1_363' title='bbox 1091 2930 1311 2972; x_wconf 89' lang='lat' dir='ltr'>consentit</span> <span class='ocrx_word' id='word_1_364' title='bbox 1335 2931 1421 2972; x_wconf 90' lang='lat' dir='ltr'>and</span> <span class='ocrx_word' id='word_1_365' title='bbox 1445 2929 1632 2972; x_wconf 88' lang='lat' dir='ltr'>assentit</span> <span class='ocrx_word' id='word_1_366' title='bbox 1655 2930 1742 2972; x_wconf 89' lang='lat' dir='ltr'>and</span> <span class='ocrx_word' id='word_1_367' title='bbox 1765 2930 1817 2972; x_wconf 92' lang='lat' dir='ltr'>be</span> <span class='ocrx_word' id='word_1_368' title='bbox 1840 2929 1915 2971; x_wconf 90' lang='lat' dir='ltr'>the</span> <span class='ocrx_word' id='word_1_369' title='bbox 1943 2935 2103 2970; x_wconf 90' lang='lat' dir='ltr'>tenour</span> <span class='ocrx_word' id='word_1_370' title='bbox 2124 2928 2171 2969; x_wconf 86' lang='lat' dir='ltr'>of</span> <span class='ocrx_word' id='word_1_371' title='bbox 2196 2927 2263 2985; x_wconf 93' lang='lat' dir='ltr'>yir</span> 
     </span>
    </p>
   </div>
  </div>
 </body>
</html>
