2524 3418
545 311 624 351 126
1143 312 1183 351 F
1187 312 1354 351 nudatio
1386 311 1527 364 Iacobj
1558 311 1592 353 C
1596 305 1744 352 oliso'ne

543 425 657 466 bona
689 423 837 466 minus
871 425 993 466 Iuste
1026 423 1159 478 habuj
1185 430 1227 466 et
1249 429 1458 466 notanter
1488 437 1566 478 pro
1592 423 1742 466 anima
1764 423 1931 466 domini
1955 426 2116 466 andree
2138 425 2337 467 colisoun

540 493 689 535 fratris
710 494 796 536 mei
819 492 1017 548 germani
1040 507 1091 534 ac
1114 493 1349 535 animabus
1378 493 1576 535 omniurn
1605 493 1801 535 fidelium
1825 494 2132 536 defunctorum
2164 493 2339 536 dedisse

543 563 816 605 concessisse
853 570 894 605 et
929 563 1012 604 hac
1049 562 1243 617 presenti
1282 569 1405 605 carta
1442 577 1541 605 mea
1571 563 1859 605 confirmasse
1898 562 2100 605 Prouidis
2137 562 2338 605 discretis

540 632 645 674 viris
683 634 848 675 Curato
886 639 927 674 et
965 632 1209 686 capellanis
1251 631 1372 674 chori
1410 631 1597 674 ecclesie
1638 632 1906 687 parochialis
1942 632 2032 674 diui
2070 631 2246 686 nicolaij
2285 633 2338 674 de

540 702 748 744 abirdene
770 701 910 743 Totos
927 707 970 743 et
988 701 1185 756 integros
1207 716 1380 744 annuos
1401 701 1601 744 redditus
1619 716 1742 744 meos
1760 701 2034 757 subscriptos
2051 715 2103 744 ex
2120 715 2220 743 meo
2241 715 2338 756 pro-

541 771 633 826 prio
656 778 901 826 conquestu
923 778 1209 826 recuperatos
1239 771 1443 813 videlicet
1474 786 1610 814 vnum
1640 786 1837 814 annuum
1860 771 2081 814 redditum
2104 770 2337 813 duodecim

540 840 781 882 solidorum
803 840 972 883 vsualis
1003 848 1181 883 monete
1214 841 1352 883 scotie
1385 842 1617 884 annuatim
1650 841 1874 884 exiuntem
1902 843 1955 884 de
1980 847 2075 884 toto
2101 847 2144 883 et
2166 840 2338 895 integro

539 916 795 952 tenemento
831 911 1055 964 quondam
1092 910 1225 953 dauid
1267 912 1514 953 adamsoun
1556 911 1787 966 burgensis
1823 912 1876 954 de
1913 910 2120 953 abirdene
2158 911 2339 953 Iacente

539 977 650 1020 infra
672 978 840 1020 dictum
874 979 1060 1033 burgum
1088 977 1133 1019 in
1155 978 1252 1020 vico
1283 979 1506 1021 furcarum
1530 994 1582 1021 ex
1604 979 1806 1021 orientali
1838 985 1964 1034 parte
1995 978 2193 1021 eiusdem
2224 977 2340 1020 inter

538 1051 701 1087 terram
744 1047 968 1100 quondam
1013 1045 1228 1088 Iohannis
1271 1053 1415 1088 stuart
1457 1046 1689 1102 burgensis
1723 1048 1775 1089 de
1812 1047 2019 1089 abirdene
2060 1061 2113 1088 ex
2154 1045 2337 1088 australi

539 1128 590 1156 ex
612 1128 698 1157 vna
721 1121 763 1157 et
787 1121 949 1157 terram
986 1115 1202 1157 Iohannis
1235 1115 1422 1158 Cullane
1454 1130 1506 1158 ex
1539 1115 1702 1158 boreali
1736 1115 1936 1171 partibus
1967 1116 2022 1158 ab
2055 1115 2194 1157 altera
2219 1129 2337 1157 corn-

540 1197 719 1225 munem
741 1183 859 1226 viam
883 1184 1050 1239 regiam
1073 1199 1227 1227 versus
1254 1185 1462 1228 occidens
1494 1192 1536 1228 et
1569 1185 1840 1228 territorium
1873 1185 2156 1228 orientalium
2179 1185 2336 1227 crofto-

536 1268 632 1296 rum
667 1254 773 1296 dicti
805 1254 930 1310 burgi
961 1269 1116 1297 versus
1148 1254 1294 1297 oriens
1332 1257 1483 1298 Vnum
1517 1270 1716 1298 annuum
1755 1255 1976 1298 redditum
2013 1256 2200 1298 duorum
2235 1254 2336 1297 soli-

536 1324 692 1365 dorum
735 1323 932 1366 eiusdem
983 1330 1160 1366 monete
1211 1325 1444 1367 annuatim
1496 1325 1720 1367 exiuntem
1763 1327 1816 1367 de
1858 1324 2029 1379 integro
2079 1329 2336 1366 tenemento

540 1392 755 1435 Iohannis
787 1393 911 1448 piper
942 1393 1054 1435 alias
1086 1394 1268 1449 cuming
1301 1395 1481 1436 Iacente
1513 1395 1668 1437 eodem
1699 1393 1798 1436 vico
1830 1409 1882 1436 ex
1914 1393 2178 1436 occidentali
2210 1399 2336 1447 parte

536 1462 734 1504 eiusdem
769 1462 883 1505 inter
913 1469 1074 1505 terram
1109 1464 1334 1506 duncanni
1366 1465 1616 1506 andersoun
1649 1463 1760 1506 alias
1791 1464 1974 1518 Wandy
2003 1477 2056 1504 ex
2086 1461 2252 1504 boreali
2283 1476 2336 1503 ex

535 1546 622 1574 vna
644 1539 686 1574 et
710 1539 872 1574 terram
905 1532 1120 1574 Iohannis
1143 1532 1234 1575 reid
1256 1547 1309 1575 ex
1335 1533 1520 1575 australi
1549 1533 1750 1588 partibus
1779 1534 1834 1576 ab
1863 1533 2003 1575 altera
2024 1533 2174 1574 Vnum
2197 1530 2334 1574 alium

537 1614 734 1642 annuum
757 1601 979 1643 redditum
1002 1603 1189 1643 duorum
1220 1602 1460 1644 solidorum
1495 1604 1547 1645 de
1579 1608 1674 1645 toto
1705 1607 1962 1644 tenemento
1993 1600 2099 1643 olim
2133 1599 2335 1656 magistri

534 1671 696 1712 andree
732 1678 881 1725 porter
918 1672 1098 1714 Iacente
1131 1686 1184 1714 ex
1215 1673 1370 1714 eadem
1405 1678 1530 1728 parte
1564 1672 1670 1715 dicti
1703 1671 1788 1715 vici
1825 1671 1940 1714 inter
1974 1677 2138 1714 terram
2172 1671 2334 1713 andree

534 1745 739 1781 stratoun
775 1754 828 1781 ex
861 1739 1027 1783 boreali
1056 1754 1108 1782 ex
1135 1754 1223 1783 vna
1254 1746 1297 1782 et
1329 1747 1494 1783 terram
1529 1740 1634 1783 olim
1667 1739 1833 1796 georgii
1866 1739 2031 1782 saidlar
2066 1753 2119 1782 ex
2149 1738 2334 1782 australi

533 1809 734 1864 partibus
761 1810 816 1852 ab
845 1810 986 1852 altera
1016 1810 1150 1852 Illum
1169 1810 1322 1853 eciam
1355 1825 1554 1854 annuum
1583 1810 1807 1853 redditum
1837 1824 1986 1853 meum
2016 1811 2204 1853 duorum
2233 1808 2334 1851 soli-

533 1881 688 1922 dorum
721 1881 774 1922 de
807 1886 903 1922 toto
939 1886 982 1923 et
1019 1880 1192 1936 integro
1232 1887 1490 1924 tenemento
1527 1881 1634 1924 olim
1671 1881 1890 1926 Willelmi
1927 1880 2033 1924 belti
2071 1881 2253 1923 Iacente
2287 1878 2332 1921 in

531 1950 629 1992 vico
661 1950 704 2005 ly
726 1950 979 1992 schuilhille
1007 1951 1249 2006 vulgariter
1276 1951 1501 2007 appellato
1530 1951 1646 1993 inter
1673 1958 1837 1994 terram
1866 1951 2078 1993 heredum
2108 1949 2331 2004 quondam

531 2019 684 2061 thome
707 2019 924 2061 meldrum
948 2034 1000 2062 ex
1022 2019 1226 2062 orientali
1248 2035 1301 2063 ex
1321 2035 1409 2063 vna
1431 2027 1474 2063 et
1496 2027 1661 2063 terram
1685 2021 1896 2063 heredum
1924 2020 2147 2074 quondam
2170 2019 2332 2060 andree

533 2089 791 2131 stevinsoun
823 2104 876 2131 ex
907 2090 1172 2132 occidentali
1204 2090 1406 2145 partibus
1438 2092 1493 2134 ab
1525 2091 1666 2133 altera
1698 2092 1758 2133 Et
1795 2090 1921 2133 illum
1958 2089 2095 2132 alium
2132 2102 2330 2131 annuum

531 2158 752 2201 redditum
775 2173 925 2201 meum
948 2161 1135 2202 duorum
1158 2160 1399 2202 solidorum
1423 2160 1648 2203 exiuntem
1671 2160 1877 2203 similiter
1892 2161 1946 2203 de
1961 2165 2057 2202 toto
2074 2164 2331 2201 tenemento

532 2228 708 2283 nicolaij
737 2229 891 2271 baxter
923 2230 1105 2271 Iacente
1137 2229 1249 2272 infra
1281 2229 1450 2272 dictum
1483 2230 1671 2285 burgum
1704 2229 1748 2271 in
1779 2229 1878 2272 vico
1910 2227 2113 2270 inferiore
2143 2226 2331 2270 ecclesie

531 2296 646 2339 inter
681 2304 845 2340 terram
882 2298 1076 2340 duncani
1112 2298 1257 2354 gilruy
1292 2313 1345 2341 ex
1376 2299 1582 2342 orientali
1617 2313 1671 2341 ex
1706 2313 1794 2341 vna
1829 2304 1872 2341 et
1908 2303 2072 2341 terram
2105 2297 2329 2351 quondam

531 2366 734 2422 magistri
761 2367 977 2410 Iohannis
1008 2368 1318 2412 banzenaucht
1339 2369 1491 2424 vicarij
1516 2370 1569 2411 de
1590 2383 1745 2424 gemry
1765 2383 1818 2410 ex
1842 2366 2108 2411 occidentali
2128 2365 2331 2422 partibus

531 2437 586 2479 ab
618 2437 758 2479 altera
788 2436 1137 2482 TENENDOS
1170 2445 1213 2481 et
1245 2439 1474 2482 habendos
1495 2445 1615 2482 totos
1637 2446 1679 2482 et
1702 2438 1898 2494 integros
1926 2452 2101 2481 annuos
2130 2436 2330 2480 redditus

531 2505 857 2561 suprascriptos
879 2521 980 2549 curn
1003 2507 1289 2562 pertinenciis
1311 2508 1493 2564 prefatis
1515 2510 1681 2552 Curato
1698 2514 1740 2550 et
1758 2508 2001 2563 capellanis
2018 2523 2070 2551 ac
2087 2507 2328 2550 eorundem

529 2575 862 2618 successoribus
894 2577 1137 2632 capellanis
1166 2577 1273 2620 dicti
1305 2578 1428 2621 chori
1451 2593 1476 2621 a
1498 2593 1568 2621 me
1590 2585 1633 2621 et
1656 2578 1891 2621 heredibus
1913 2578 2025 2620 meis
2046 2579 2099 2620 de
2122 2590 2328 2632 supremo

530 2645 710 2688 domino
755 2652 907 2688 nostro
952 2661 1054 2702 rege
1101 2653 1144 2690 et
1186 2647 1279 2689 suis
1320 2647 1651 2690 successoribus
1691 2646 1736 2688 in
1777 2661 1933 2702 puram
1976 2653 2019 2689 et
2067 2651 2327 2701 perpetuam

529 2714 819 2757 elemosinam
845 2716 1179 2771 Imperpetuum
1203 2732 1304 2759 cum
1328 2717 1448 2759 omni
1473 2718 1574 2759 Iure
1596 2723 1638 2758 et
1663 2716 1778 2758 Iuris
1800 2717 1971 2759 clameo
1994 2715 2262 2771 proprietate
2283 2719 2327 2755 et

530 2783 810 2836 possessione
832 2798 884 2826 ac
906 2785 1112 2827 omnibus
1139 2786 1238 2828 aliis
1269 2793 1311 2828 et
1345 2786 1530 2841 singulis
1560 2786 1838 2828 libertatibus
1860 2784 2253 2828 commoditatibus
2275 2797 2327 2825 ac

529 2851 659 2894 iustis
690 2855 931 2896 eorundem
964 2855 1251 2909 pertinenciis
1283 2855 1619 2910 quibuscunque
1652 2856 1709 2898 ad
1740 2855 1884 2897 dictos
1920 2868 2094 2897 annuos
2128 2852 2326 2895 redditus

529 2922 836 2975 spectantibus
873 2938 949 2966 seu
991 2923 1105 2968 iuste
1143 2930 1344 2979 spectare
1384 2925 1636 2969 valentibus
1677 2924 2008 2978 quomodolibet
2041 2922 2325 2970 ‚in.1u1;utum
