2524 3418
200 824 256 855 sol.
277 824 359 857 100²

496 312 575 352 252
619 299 643 340 I
648 299 871 354 nsormacio
901 301 1053 343 circum
1085 301 1275 342 diuinum
1306 301 1459 342 cult-um
1489 307 1524 343 ct
1554 302 1957 345 administracionam
1988 304 2289 360 capellanorum

670 416 766 457 Hec
784 424 849 457 est
869 430 972 457 vera
989 416 1115 470 copia
1137 415 1394 470 principalis
1415 423 1535 459 carte
1558 417 1852 460 collacionata
1873 433 1950 472 per
1972 433 2043 461 me
2065 420 2287 462 notarium

669 485 893 538 publicum
918 485 1217 540 subscriptum

842 555 911 596 Ita
932 562 998 596 est
1024 555 1248 597 Iohannes
1270 555 1472 610 kennedy
1494 555 1693 598 notarius
1722 556 1926 611 publicus
1955 572 2090 600 manu
2113 557 2288 613 propria

1297 729 1489 770 CXXII.

494 819 518 860 I
522 819 746 874 nformacio
778 821 931 862 tradita
963 821 1198 876 Capellanis
1229 822 1275 862 de
1305 821 1517 863 Aberdene
1547 821 1657 862 circa
1688 821 1879 863 diuinum
1907 823 2061 864 cultum
2091 827 2126 864 et
2152 837 2291 865 eorum

664 891 1069 933 administracionem
1092 896 1168 947 per
1194 892 1218 933 I
1221 905 1464 947 ngeramum
1495 891 1676 946 lindesay
1707 892 1956 948 Episcopum
1986 892 2292 935 abirdonensem

665 975 712 1001 ac
733 961 861 1002 eciam
875 966 950 1016 per
971 961 1149 1002 thomam
1172 962 1297 1017 Spens
1318 961 1567 1017 Episcopum
1589 961 1830 1016 confirmata

567 1053 603 1093 N
651 1053 811 1094 Primis
853 1055 968 1107 quod
1005 1053 1125 1095 omni
1163 1054 1231 1095 die
1269 1053 1411 1095 sabati
1449 1068 1603 1096 omnes
1639 1053 1858 1108 capellani
1895 1060 1987 1096 tam
2025 1054 2290 1110 conducticij

622 1136 754 1176 quam
784 1122 954 1164 fundati
985 1122 1058 1177 qui
1085 1122 1236 1164 diuina
1263 1123 1487 1165 celebrant
1511 1123 1554 1164 in
1577 1123 1766 1165 ecclesia
1788 1124 1841 1165 de
1863 1123 2070 1166 abirdene
2101 1138 2293 1167 vnacum
2350 1152 2353 1158 ·

494 1192 658 1234 vicario
688 1193 920 1246 capellano
952 1192 1214 1247 permehiali
1247 1193 1354 1235 hora
1386 1207 1504 1235 nona
1534 1193 1602 1235 vel
1636 1193 1752 1235 circa
1785 1193 1916 1235 simul
1949 1194 2216 1236 conveniant
2248 1194 2293 1236 in

495 1262 690 1316 capitulo
723 1262 919 1304 eiusdem
953 1263 1138 1304 ecclesie
1170 1270 1213 1305 et
1245 1263 1304 1305 ibi
1337 1270 1538 1305 statuant
1572 1278 1648 1318 per
1680 1265 1860 1305 modum
1893 1264 2044 1306 tabule
2066 1279 2143 1319 per
2164 1265 2294 1306 ebdo-

496 1331 660 1372 midam
694 1337 736 1372 et
769 1331 975 1385 precipue
998 1346 1075 1386 pro
1107 1332 1232 1374 festis
1265 1332 1626 1387 contingentibus
1658 1333 1770 1375 infra
1801 1335 1987 1376 eandem
2020 1335 2073 1376 de
2105 1334 2294 1389 singulis

495 1399 710 1441 ministris
746 1415 824 1454 pro
862 1401 1048 1455 singulis
1082 1401 1239 1455 officijs
1260 1408 1303 1443 et
1327 1401 1735 1444 ministracionibus
1761 1403 1918 1445 fiendis
1948 1403 2183 1458 vnicuique
2222 1405 2293 1445 In-

494 1469 676 1511 timetur
706 1470 898 1512 officium
933 1470 1013 1512 sibi
1048 1470 1290 1512 limitatum
1323 1485 1377 1513 ne
1410 1471 1605 1525 aliquam
1635 1472 1806 1526 possint
1828 1472 2166 1515 excusacionem
2199 1487 2293 1528 pre-

495 1541 675 1581 tendere
694 1540 753 1580 Et
772 1540 887 1592 quod
905 1539 948 1580 in
964 1539 1154 1581 ecclesia
1171 1540 1320 1582 nullus
1337 1547 1539 1582 occurrat
1558 1541 1756 1583 defectus
1774 1541 1890 1584 circa
1913 1541 2292 1585 ministracionem

495 1609 687 1651 fiendam

611 1679 724 1720 Item
757 1677 802 1718 in
835 1677 989 1720 diebus
1021 1678 1256 1721 dominicis
1287 1685 1330 1721 et
1361 1679 1534 1722 festiuis
1566 1681 1743 1734 quando
1771 1679 2009 1723 seruicium
2036 1681 2081 1722 in
2103 1681 2293 1725 ecclesia

495 1747 551 1788 sit
582 1747 834 1789 faciendum
871 1761 973 1789 cum
1010 1754 1116 1790 nota
1154 1748 1247 1790 siue
1284 1748 1328 1789 in
1366 1748 1601 1791 matutinis
1633 1763 1796 1804 magna
1828 1749 1966 1792 missa
1996 1751 2065 1792 vel
2097 1751 2293 1806 vesperis

495 1831 650 1858 omnes
691 1817 909 1871 capellani
951 1817 1115 1859 intrent
1157 1818 1341 1860 chorum
1384 1833 1485 1861 cum
1528 1819 1852 1874 superpellicijs
1897 1820 2075 1862 mundis
2115 1827 2295 1875 propter

495 1887 707 1928 honorem
730 1887 798 1928 dei
822 1894 864 1928 et
887 1886 1073 1929 ecclesie

612 1958 726 1998 Item
750 1958 865 2011 quod
888 1957 1077 1999 sacrista
1099 1965 1141 1999 et
1160 1958 1307 2000 clerici
1330 1958 1630 2013 perrochiales
1662 1957 1868 2001 intersint
1891 1958 1950 2001 ibi
1973 1973 2074 2000 cum
2097 1958 2197 2001 aliis
2219 1958 2292 2014 qui

495 2027 539 2068 in
585 2027 773 2082 singulis
819 2027 1288 2071 administracionibus
1328 2035 1422 2071 tam
1464 2029 1508 2070 in
1550 2028 1740 2071 ecclesia
1781 2043 1914 2083 quam
1957 2028 2074 2071 cirea
2114 2028 2292 2083 pulsum

496 2099 828 2153 Campanarum
852 2098 975 2140 iuxta
997 2098 1328 2141 ordinacionem
1351 2099 1534 2154 capituli
1558 2114 1604 2141 se
1627 2105 1860 2141 exerceant

612 2169 726 2208 Item
750 2169 866 2221 quod
899 2167 1048 2210 omnia
1071 2168 1158 2210 ista
1180 2168 1441 2211 ordinentur
1462 2168 1767 2223 principaliter
1787 2168 1910 2210 iuxta
1932 2167 2291 2210 Auisiamentum

494 2235 645 2290 vicarij
670 2237 811 2278 curati
834 2244 877 2278 et
901 2237 1088 2280 aliorum
1112 2238 1335 2280 seniorum
1359 2240 1412 2280 de
1435 2238 1624 2281 ecclesia

611 2307 725 2347 Item
762 2308 878 2360 quod
915 2307 1172 2349 deficientes
1213 2308 1330 2350 eirca
1364 2307 1618 2350 huiusmodi
1655 2307 1897 2362 puniantur
1936 2313 1980 2348 et
2017 2305 2294 2361 corrigantur

495 2377 739 2416 secundum
783 2375 1100 2419 discrecionem
1143 2384 1186 2419 et
1228 2378 1459 2420 arbitrium
1500 2377 1651 2432 vicarij
1697 2384 1739 2419 et
1781 2376 1922 2418 curati
1965 2391 2065 2418 cum
2108 2375 2294 2418 consilio

495 2444 718 2486 seniorum
740 2444 814 2498 qui
841 2446 1043 2488 duxerint
1076 2448 1131 2489 ad
1163 2447 1247 2489 hoc
1272 2448 1498 2489 vocandos
1531 2449 1590 2489 Et
1623 2446 1659 2488 si
1692 2446 1840 2500 aliquo
1872 2445 2026 2500 grauia
2058 2452 2293 2488 occurrant

494 2513 686 2556 referant
708 2514 885 2556 officiali
907 2523 1059 2558 nostro
1082 2523 1124 2558 et
1148 2517 1275 2559 nobis
1297 2524 1426 2571 prout
1449 2516 1579 2559 fuerit
1601 2521 1870 2571 oportunum

611 2584 725 2624 Item
763 2585 878 2638 quod
915 2585 951 2626 si
985 2599 1069 2639 que
1106 2587 1264 2629 debate
1295 2587 1363 2628 vel
1397 2585 1698 2629 contrauersie
1735 2585 1934 2628 oriantur
1969 2583 2085 2626 inter
2120 2583 2293 2638 aliquos

495 2652 750 2706 capellanos
782 2667 866 2707 que
899 2668 975 2708 per
1012 2655 1206 2697 medium
1245 2655 1562 2710 premissorum
1600 2655 1895 2697 reformentur
1925 2659 1968 2695 et
2001 2654 2294 2696 emendentur

495 2721 555 2762 Et
578 2723 694 2774 quod
717 2722 865 2763 nullus
887 2723 942 2764 ab
964 2737 1115 2765 eorum
1139 2725 1510 2766 determinatione
1532 2724 1679 2766 valeat
1702 2738 1749 2765 se
1772 2723 2033 2765 subtrahere

611 2790 725 2831 Item
758 2793 874 2844 quod
907 2794 1152 2834 secundum
1184 2794 1544 2835 Auisiamentum
1578 2793 1797 2835 maiorum
1820 2799 1863 2834 et
1886 2791 2110 2834 seniorum
2136 2805 2290 2846 preno-

495 2857 764 2901 minatorum
797 2867 1054 2904 statuantur
1084 2863 1221 2917 aliqui
1254 2864 1514 2905 collectores
1537 2869 1754 2917 quantum
1777 2863 1833 2904 ad
1855 2861 2005 2904 omnia
2037 2859 2292 2903 communia

494 2928 776 2969 occurrencia
794 2929 910 2970 circa
933 2944 1221 2985 quascunque
1239 2932 1400 2973 missas
1422 2932 1669 2986 peculiares
1691 2945 1743 2972 ex
1765 2930 2102 2985 quibuscunque
2123 2928 2290 2971 relictis
