2524 3418
151 2701 206 2733 sol.
225 2703 264 2733 99
275 2700 287 2720 ²

445 298 525 350 248
944 298 1155 339 Fundatio
1186 297 1377 352 magistri
1407 297 1556 338 roberti
1587 296 1753 338 Schand

446 426 529 465 que
563 412 834 466 presentium
871 414 974 454 dare
1010 413 1250 454 concedere
1285 411 1526 454 deliberare
1559 418 1601 453 et
1637 412 1719 454 hac
1754 419 1957 466 presente
1994 419 2118 456 carta
2150 428 2249 457 mea

446 480 707 522 confirmare
744 480 1067 522 venerabilibus
1109 487 1151 520 et
1194 479 1397 521 discretis
1433 479 1537 520 viris
1571 486 1725 521 curato
1766 487 1809 522 et
1847 481 2090 535 capellanis
2127 483 2248 525 chori

446 549 631 590 ecclesie
683 549 972 604 parrochialis
1014 549 1103 603 diuj
1158 549 1318 591 nicolai
1371 551 1424 591 de
1476 549 1683 592 abirdene
1729 549 1892 592 Totam
1946 558 1988 593 et
2031 551 2248 606 integram

446 633 666 660 summam
692 619 875 673 pecunie
899 620 1190 661 ducentarum
1215 618 1509 673 quadraginta
1532 633 1779 661 mercarum
1803 619 1846 660 in
1870 635 1976 662 auro
1999 628 2041 662 et
2065 629 2249 676 argento

445 689 611 730 vsualis
635 697 809 730 monete
835 689 956 743 regnj
983 689 1120 730 scotie
1147 691 1202 731 ad
1232 690 1469 731 emendum
1493 696 1535 730 et
1559 689 1932 743 appropriandum
1963 691 2079 744 Ipsis
2105 692 2248 746 capel-

446 758 559 799 lanis
596 766 638 799 et
674 773 825 799 eorum
861 759 1192 801 successoribus
1230 759 1472 813 capellanis
1508 758 1692 813 predicti
1725 759 1846 801 chori
1878 774 2014 802 vnum
2048 775 2248 803 annuum

445 828 663 869 redditum
695 828 926 870 duodecim
963 843 1211 870 mercarum
1246 834 1423 870 monete
1458 828 1681 870 antedicte
1715 828 1948 870 annuatim
1983 830 2247 872 Leuandum

445 896 774 950 percipiendum
809 904 850 938 et
896 898 1234 951 Importandum
1268 898 1323 938 ad
1361 898 1471 938 duos
1504 896 1607 950 annj
1645 896 1859 938 terminos
1894 897 2070 939 vsuales
2108 898 2248 952 penti-

445 973 590 1006 costes
613 965 816 1006 videlicet
840 972 881 1006 et
906 965 1049 1007 sancti
1073 965 1250 1019 martinj
1289 966 1340 1006 In
1374 965 1532 1020 hyeme
1562 979 1638 1019 per
1659 965 1840 1019 equales
1871 965 2096 1019 portiones
2130 965 2247 1020 Ipsis

445 1035 688 1089 capellanis
730 1042 772 1076 et
815 1048 966 1076 eorum
1005 1034 1336 1076 successoribus
1375 1034 1708 1088 Imperpetuum
1747 1033 2026 1089 Quaquidem
2062 1034 2248 1088 pecunie

444 1118 619 1145 summa
651 1105 943 1145 ducentarum
977 1103 1271 1157 quadraginta
1305 1117 1554 1145 marcarum
1588 1102 1745 1157 prefati
1779 1103 1995 1157 capellanj
2030 1110 2246 1146 eteorum

444 1173 653 1214 collector
679 1186 755 1226 pro
788 1179 986 1226 ternpore
1019 1178 1220 1213 emerunt
1252 1186 1388 1213 vnum
1421 1185 1619 1213 annuum
1653 1171 1873 1213 redditum
1907 1172 2101 1226 quinque
2133 1187 2246 1215 mar-

443 1255 593 1282 carum
633 1242 686 1282 de
722 1240 830 1282 totis
871 1247 913 1282 et
956 1240 1139 1294 integris
1175 1240 1304 1282 terris
1340 1241 1392 1282 de
1429 1239 1786 1294 vastiressintuly
1823 1254 1924 1282 cum
1966 1241 2246 1295 pertinentiis

444 1309 699 1351 lacentibus
721 1309 833 1350 infra
864 1308 1224 1350 vicecomitatum
1258 1310 1310 1350 de
1333 1308 1575 1363 kyncardin
1599 1308 1704 1350 olim
1737 1309 2061 1363 pertinentibus
2083 1312 2245 1354 andree

443 1393 621 1433 murray
644 1377 851 1432 burgensi
874 1379 927 1420 de
950 1377 1157 1420 abirdene
1190 1378 1250 1419 Et
1282 1376 1419 1419 alium
1453 1391 1650 1419 annuum
1683 1377 1904 1419 redditum
1928 1385 2098 1432 septem
2133 1393 2246 1422 mar-

442 1462 594 1490 carum
628 1449 680 1490 de
722 1447 850 1489 terris
882 1447 987 1489 olim
1023 1447 1237 1489 Iohannis
1269 1461 1442 1502 cowper
1477 1447 1684 1502 contigue
1717 1447 2024 1490 adiacentibus
2062 1449 2114 1490 In
2148 1449 2246 1492 vico

441 1517 643 1559 inferiore
675 1517 860 1559 ecclesie
893 1517 1078 1571 predicti
1112 1517 1237 1572 burgi
1260 1518 1312 1559 de
1335 1517 1544 1559 abirdene
1575 1531 1628 1559 ex
1650 1517 1853 1559 orientali
1886 1524 2011 1572 parte
2044 1518 2244 1561 eiusdem

439 1586 523 1627 vici
550 1586 665 1628 inter
698 1600 959 1628 communes
980 1586 1076 1628 vias
1107 1586 1251 1640 regias
1273 1600 1326 1627 ex
1348 1586 1533 1628 australi
1565 1585 1730 1628 boreali
1754 1592 1796 1628 et
1819 1586 2022 1628 orientali
2045 1587 2246 1642 partibus

441 1664 483 1697 et
518 1663 681 1698 terram
714 1656 865 1697 thome
900 1655 1139 1697 andirsoun
1173 1670 1326 1697 versus
1359 1656 1567 1698 occidens
1601 1656 1958 1698 Extendentibus
1987 1656 2031 1697 in
2060 1663 2155 1699 toto
2190 1658 2245 1700 ad

444 1726 697 1768 huiusmodi
750 1726 972 1780 integrum
1025 1740 1223 1768 annuum
1266 1726 1498 1768 duodecim
1551 1740 1799 1768 mercarum
1851 1732 1982 1780 prout
2024 1726 2069 1768 in
2110 1727 2246 1770 cartis

442 1795 751 1838 instrumentis
775 1796 921 1838 sasine
944 1796 1165 1851 preceptis
1187 1802 1230 1838 et
1254 1796 1354 1851 alijs
1383 1796 1619 1838 euidentiis
1648 1795 1765 1850 Ipsis
1787 1795 2032 1850 capellanis
2056 1797 2246 1852 desuper

443 1865 655 1907 confectis
678 1865 874 1920 plenarie
907 1866 1160 1908 continetur
1192 1867 1491 1921 Quamobrem
1522 1865 1707 1921 predicti
1737 1872 1917 1908 curatus
1949 1872 1992 1908 et
2024 1866 2241 1922 capellanj

443 1934 563 1976 chori
601 1934 786 1976 ecclesie
828 1935 1051 1977 antedicte
1083 1942 1125 1977 et
1169 1935 1234 1990 suj
1272 1950 1551 1977 successores
1589 1950 1666 1990 pro
1699 1935 1842 1977 salute
1885 1935 2031 1977 anime
2065 1950 2161 1978 mee
2192 1949 2244 1978 ac

442 2005 693 2047 animarum
731 2005 929 2047 omnium
968 2005 1265 2060 predictorum
1304 2005 1580 2047 celibrabunt
1615 2004 1768 2046 dietim
1804 2018 1938 2046 vnam
1971 2003 2154 2046 missam
2189 2005 2244 2047 ad

442 2074 582 2116 altare
616 2081 769 2117 sancte
792 2088 906 2116 anne
939 2074 1051 2116 infra
1083 2075 1328 2129 predictam
1356 2074 1591 2117 ecclesiam
1621 2073 1944 2129 parrochialem
1967 2073 2055 2128 diuj
2081 2073 2241 2129 nicolaj

441 2147 493 2187 de
515 2146 723 2188 abirdene
746 2146 961 2188 situatum
987 2146 1095 2188 hora
1116 2146 1351 2188 vndecima
1383 2152 1486 2188 ante
1519 2145 1747 2188 meridiem
1781 2143 2024 2206 prehabitis
2046 2151 2088 2186 et
2110 2143 2244 2186 tactis

440 2215 644 2257 vndecim
683 2215 885 2270 pulsibus
923 2229 1140 2270 campane
1182 2216 1362 2258 maioris
1403 2216 1522 2271 omnj
1562 2215 1631 2258 die
1670 2216 2005 2269 Imperpetuum
2038 2213 2243 2256 videlicet

442 2284 636 2338 quolibet
674 2284 743 2326 die
781 2284 1002 2327 dominico
1040 2285 1224 2328 missam
1261 2285 1574 2328 dominicalem
1612 2291 1688 2328 aut
1727 2285 1779 2326 de
1815 2297 2078 2338 quocunque
2113 2282 2244 2326 fuerit

441 2354 604 2395 festum
628 2354 697 2396 die
730 2354 832 2396 lune
856 2355 1040 2397 missam
1063 2357 1116 2397 de
1139 2356 1289 2410 requie
1312 2370 1413 2398 cum
1437 2356 1520 2398 hac
1553 2354 1752 2397 oratione
1776 2353 1984 2395 miserere
2001 2366 2244 2406 quesumus

443 2423 620 2465 domine
643 2423 878 2466 animabus
900 2425 1098 2467 omnium
1132 2425 1328 2467 fidelium
1361 2425 1670 2467 defunctorum
1702 2424 1755 2465 de
1789 2422 1951 2464 marcis
1983 2421 2167 2464 missam
2189 2422 2243 2464 de

443 2498 598 2533 sancta
640 2505 757 2533 anna
795 2493 1005 2546 pretende
1042 2493 1219 2535 domine
1261 2493 1427 2535 famulo
1461 2499 1538 2535 tuo
1573 2498 1616 2534 et
1653 2491 1861 2533 miserere
1897 2504 2140 2544 quesumus
2173 2489 2242 2532 die

444 2559 646 2613 mercurij
673 2559 857 2602 missam
881 2561 934 2602 de
957 2567 1113 2603 sancto
1137 2560 1294 2615 spiritu
1323 2575 1424 2603 cum
1453 2559 1635 2615 prefatis
1663 2557 1937 2601 orationibus
1966 2557 2176 2612 pretende
2199 2562 2242 2599 et

444 2626 652 2668 miserere
675 2627 743 2668 die
776 2627 897 2669 Iouis
929 2627 1113 2670 missam
1146 2630 1199 2670 de
1232 2642 1412 2684 corpore
1444 2627 1598 2670 christi
1630 2641 1731 2669 cum
1770 2625 1936 2668 eisdem
1968 2625 2242 2668 orationibus

444 2696 512 2738 die
546 2696 720 2738 veneris
757 2697 942 2739 missam
980 2699 1032 2740 de
1069 2698 1263 2753 quinque
1295 2698 1552 2741 vulneribus
1590 2697 1725 2740 Ihesu
1762 2696 1916 2739 christi
1952 2709 2053 2738 cum
2091 2709 2241 2750 supra-

444 2763 620 2818 scriptis
657 2764 931 2807 orationibus
969 2772 1011 2808 et
1050 2766 1119 2808 die
1150 2766 1293 2809 sabati
1330 2766 1515 2808 missam
1552 2767 1605 2809 de
1646 2771 1803 2808 sancta
1840 2764 1980 2807 maria
2017 2778 2117 2807 curn
2146 2778 2240 2819 pre-

443 2831 573 2873 dictis
605 2832 878 2875 orationibus
910 2833 994 2875 nisi
1036 2834 1270 2889 contigerit
1304 2834 1480 2877 euenire
1514 2834 1676 2889 duplex
1706 2833 1869 2875 festum
1905 2834 1965 2875 Et
1997 2840 2104 2875 tunc
2141 2832 2241 2875 celi-

443 2900 631 2942 brabunt
683 2901 736 2943 de
788 2901 871 2943 Illo
922 2902 1096 2956 duplice
1146 2903 1259 2945 sesto
1310 2902 1500 2958 receptis
1546 2901 1800 2946 huiusmodi
1855 2901 2128 2944 orationibus
2179 2902 2239 2944 Et
