2524 3418
710 320 842 363 Carta
865 325 1071 377 processus
1103 323 1150 364 de
1182 327 1288 365 terra
1312 323 1493 379 philippi
1523 322 1703 364 dunbrek
2027 333 2105 362 121

1127 517 1296 558 LXVI.

302 603 435 645 Carta
449 607 655 659 processus
677 605 724 646 de
746 608 854 647 term
867 605 1049 661 philippi
1069 605 1250 647 dunbrek
1266 609 1500 661 recuperata
1521 609 1661 647 curato
1682 609 1718 646 et
1739 603 1959 660 capellanis
1980 603 2112 645 sancti

897 673 1072 729 nicolaij
1092 674 1255 729 collegz'j
1276 674 1323 716 de
1344 674 1516 715 abirden

419 763 723 805 NIUERSIS
753 768 795 804 et
819 761 1007 817 singulis
1030 763 1085 804 ad
1108 777 1295 816 quorum
1324 762 1551 805 Noticiam
1579 767 1808 816 presentes
1839 760 1986 802 littere
2017 774 2112 815 per-

476 830 679 872 uenerint
709 830 935 889 Iohannes
965 844 1061 872 mar
1091 832 1282 873 Iacobus
1305 831 1504 873 colisoun
1527 831 1729 873 Andreas
1752 830 1818 871 fiff
1835 836 1878 872 et
1900 828 2113 871 Valterus

303 898 462 940 culane
484 897 638 940 balliui
662 897 787 952 burgi
810 899 863 939 de
885 898 1106 940 Abirdene
1126 900 1343 941 Eternam
1367 898 1412 940 in
1435 898 1615 941 domino
1638 899 1830 941 salutem
1850 899 1965 941 Cum
1988 898 2111 952 pium

303 965 360 1008 sit
392 972 436 1007 et
468 964 744 1007 meritorium
776 965 906 1007 fidele
937 965 1248 1008 testimonium
1281 966 1511 1021 perhibere
1533 966 1710 1009 veritati
1744 967 1804 1009 Et
1827 972 2037 1009 notanter
2067 966 2112 1008 in

303 1033 374 1075 his
406 1048 490 1088 que
522 1047 672 1075 coram
707 1033 937 1076 Iudicibus
959 1039 1001 1076 et
1024 1034 1249 1076 officiariis
1278 1035 1484 1090 Supremj
1509 1035 1678 1077 domini
1710 1035 1851 1077 nostri
1882 1035 2000 1090 regis
2031 1050 2112 1078 sua

302 1101 447 1144 officia
478 1101 787 1144 exercentibus
821 1101 1012 1144 Iuridice
1043 1102 1344 1145 terminantur
1368 1103 1490 1145 Hinc
1513 1109 1580 1145 est
1604 1104 1720 1157 quod
1743 1118 1893 1146 coram
1916 1103 2045 1147 nobis
2067 1103 2112 1145 in

299 1170 430 1225 plena
465 1176 508 1212 et
543 1169 726 1225 capitali
761 1169 884 1212 curia
917 1176 1043 1213 tenta
1077 1170 1122 1212 in
1154 1171 1347 1225 pretorio
1385 1171 1491 1214 dicti
1528 1171 1655 1226 burgi
1693 1171 1762 1214 die
1799 1171 1903 1214 lune
1940 1171 2114 1214 decimo

298 1238 431 1281 tertio
455 1238 524 1281 die
547 1238 715 1280 mensis
739 1238 936 1281 Ianuarii
960 1253 1078 1281 anno
1101 1239 1270 1281 domini
1297 1240 1536 1282 millesimo
1559 1239 1918 1294 quingentesimo
1940 1240 2114 1283 decimo

299 1306 503 1349 Accessit
541 1308 597 1349 ad
634 1307 810 1349 barram
853 1306 1073 1349 discretus
1105 1307 1172 1349 vir
1207 1308 1416 1349 dominus
1460 1307 1688 1350 Iohannes
1720 1309 1866 1351 NVaus
1903 1309 2115 1352 collector

295 1375 629 1430 capellanorum
663 1374 836 1430 collegij
871 1375 1058 1418 ecclesie
1090 1376 1361 1430 parochialis
1388 1375 1507 1418 beati
1531 1375 1723 1431 Nicolaij
1759 1375 1865 1419 dicti
1888 1377 2015 1432 burgi
2050 1378 2110 1420 Et

295 1443 428 1499 peciit
452 1459 478 1486 a
500 1443 728 1486 communi
753 1443 914 1486 clerico
942 1450 1033 1486 tres
1062 1459 1299 1499 processus
1328 1459 1406 1500 per
1433 1444 1581 1499 ipsum
1608 1444 1806 1499 legitime
1830 1446 2045 1487 deductos
2067 1445 2112 1488 in

293 1513 437 1555 tribus
455 1512 590 1555 curiis
613 1512 882 1567 capitalibus
904 1512 1246 1567 precedentibus
1269 1514 1322 1555 de
1344 1519 1387 1555 et
1412 1528 1544 1568 super
1564 1513 1901 1568 recuperatione
1919 1513 2113 1569 proprie-

295 1580 405 1623 tatis
438 1580 636 1623 eiusdem
675 1580 792 1635 petie
829 1587 944 1622 terre
981 1587 1108 1623 vaste
1147 1580 1378 1623 Interioris
1420 1596 1522 1624 cum
1561 1581 1850 1636 pertinenciis
1887 1584 2112 1636 quondam

295 1648 485 1703 philippi
516 1648 734 1691 Dunbrek
755 1655 798 1691 et
822 1648 1027 1691 Elizabet
1051 1648 1177 1691 dabir
1199 1663 1361 1704 sponse
1385 1664 1464 1692 sue
1486 1649 1751 1704 pertinentis
1784 1650 1968 1692 Iacente
2000 1649 2113 1694 infra

294 1717 464 1759 dietum
494 1718 684 1772 burgum
707 1717 752 1758 in
774 1717 871 1759 vico
901 1717 1105 1760 inferiore
1135 1718 1322 1760 ecclesie
1351 1733 1404 1760 ex
1433 1718 1619 1760 australi
1649 1724 1774 1773 parte
1801 1717 2000 1761 eiusdem
2022 1719 2108 1774 vicj

294 1785 410 1828 inter
425 1792 590 1828 terram
608 1786 783 1828 Andree
807 1786 988 1841 Melvyn
1011 1801 1063 1828 ex
1086 1786 1292 1829 orientali
1315 1802 1367 1829 ex
1382 1801 1470 1830 vna
1493 1793 1536 1830 et
1558 1793 1723 1829 terram
1744 1787 1960 1830 Iohannis
1983 1788 2109 1830 mali-

295 1869 407 1896 soun
425 1869 478 1897 ex
495 1854 761 1897 occidentali
779 1854 981 1909 partibus
1003 1856 1059 1897 ab
1082 1855 1223 1898 altera
1241 1862 1284 1898 et
1306 1862 1474 1898 terram
1494 1856 1718 1911 quondam
1738 1855 1913 1911 patricii
1933 1856 2108 1900 Stiklok

292 1938 449 1965 versus
477 1929 680 1966 austrum
704 1930 746 1965 et
772 1930 938 1965 terram
968 1923 1236 1966 anteriorem
1267 1931 1422 1967 sancte
1444 1926 1572 1967 Anne
1602 1924 1760 1967 matris
1789 1924 1929 1968 marie
1950 1940 2106 1968 versus

293 1993 474 2035 boream
513 1993 566 2034 In
604 1992 778 2034 defectu
815 1991 1056 2034 solucionis
1091 1992 1223 2034 vnius
1259 1993 1394 2047 annuj
1433 1992 1634 2035 redditus
1672 1993 1826 2035 decem
1861 1992 2103 2036 solidorum

290 2059 460 2102 vsualis
486 2066 664 2102 monete
694 2059 833 2102 scotie
862 2059 993 2102 dictis
1025 2060 1270 2115 capellanis
1302 2061 1536 2103 annuatim
1566 2061 1702 2104 debiti
1726 2067 1768 2103 et
1791 2076 1817 2104 a
1839 2061 1972 2116 longo
1994 2067 2104 2104 tem-

292 2143 398 2183 pore
421 2143 510 2170 non
533 2127 667 2170 soluti
691 2127 863 2184 Quibus
891 2128 1034 2171 tribus
1056 2128 1340 2183 processibus
1364 2128 1573 2184 perlectis
1596 2136 1638 2171 et
1662 2129 1881 2184 legittime
1903 2129 2104 2185 probatis

292 2197 490 2251 prefatus
532 2195 740 2239 dominus
784 2196 1010 2238 Iohannes
1051 2196 1232 2239 nomine
1274 2197 1495 2240 dictorum
1538 2197 1873 2252 capellanorum
1910 2197 2045 2253 pecijt
2077 2212 2103 2241 a

291 2265 420 2308 nobis
453 2265 568 2307 Iuris
600 2271 643 2307 et
676 2264 852 2307 iusticie
884 2265 1264 2320 complementum
1298 2265 1381 2308 sibi
1413 2265 1507 2320 fierj
1542 2266 1595 2308 de
1632 2267 1788 2308 eadem
1825 2266 1951 2321 pecia
1987 2272 2104 2309 terre

293 2347 394 2375 cum
429 2333 717 2388 pertinenciis
753 2334 883 2375 Vnde
919 2333 1029 2376 hora
1063 2333 1148 2376 diei
1186 2333 1406 2389 legittime
1443 2341 1702 2390 exspectata
1736 2341 1780 2377 et
1816 2335 1940 2378 nulla
1976 2342 2103 2391 parte

292 2407 579 2456 comparente
612 2415 694 2444 nec
729 2401 1064 2444 contradicente
1101 2402 1309 2445 omnibus
1345 2402 1562 2446 interesse
1598 2403 1868 2447 habentibus
1904 2404 2102 2459 legitime

291 2469 462 2511 vocatis
484 2476 527 2512 et
549 2485 638 2512 non
668 2471 1032 2525 comparentibus
1055 2471 1201 2514 dictus
1223 2472 1431 2515 dominus
1454 2473 1666 2515 collector
1687 2473 1881 2528 porrexit
1904 2474 2099 2529 plegium

292 2537 337 2579 in
370 2538 576 2581 manibus
607 2539 826 2582 Willelmi
864 2539 1156 2595 scrimgeiour
1192 2541 1424 2596 sergeandj
1462 2543 1579 2596 quod
1615 2543 1718 2597 Ipse
1753 2556 1935 2585 causam
1971 2557 2099 2585 suam

292 2605 483 2648 obtinuit
516 2606 560 2648 in
592 2607 929 2662 recuperatione
961 2607 1249 2663 proprietatis
1271 2609 1388 2651 dicte
1417 2609 1542 2664 pecie
1573 2615 1691 2652 terre
1713 2616 1839 2653 vaste
1872 2625 1973 2653 cum
2008 2611 2100 2653 suis

293 2673 579 2728 pertinenciis
611 2676 759 2731 Quare
791 2677 1021 2718 decretum
1053 2676 1135 2718 fuit
1158 2691 1236 2731 per
1259 2677 1428 2720 curiam
1452 2684 1494 2720 et
1518 2679 1673 2720 datum
1706 2693 1784 2733 pro
1819 2678 1989 2721 Iudicio
2022 2693 2101 2734 per

293 2757 342 2784 os
365 2742 582 2785 Willelmi
613 2744 746 2799 fynne
781 2745 1048 2787 Iudicatoris
1071 2745 1187 2788 dicte
1211 2745 1331 2788 curie
1354 2747 1471 2800 quod
1497 2746 1644 2789 dictus
1677 2747 1888 2789 collector
1919 2747 2100 2790 nomine

294 2811 513 2854 dictorum
546 2812 879 2866 capellanorum
913 2814 1231 2869 proprietatem
1264 2815 1434 2869 prefate
1456 2821 1573 2858 terre
1594 2822 1720 2858 vaste
1753 2830 1854 2858 cum
1878 2815 1970 2858 suis
2003 2831 2099 2871 per-

295 2879 500 2921 tinenciis
532 2879 728 2935 legitime
760 2882 1039 2936 recuperauit
1069 2884 1124 2939 ob
1147 2889 1189 2925 et
1212 2890 1393 2938 propter
1424 2883 1646 2926 defectum
1681 2883 1916 2926 solutionis
1948 2884 2099 2927 huius-

296 2947 412 2990 modi
435 2948 570 3004 annuj
602 2949 801 2992 redditus
823 2950 966 2992 decim
997 2951 1239 2993 solidorum
1265 2953 1407 3006 Super
1429 2952 1589 3006 quibus
1615 2953 1822 2995 omnibus
1845 2960 1887 2995 et
1911 2953 2098 3009 singulis

1178 3021 1205 3063 Q

2137 2005 2194 2038 fol.
2210 2010 2248 2040 49
2260 2007 2273 2027 2
