2524 3418
843 322 1059 365 Fundacio
1088 321 1325 364 Alexandri
1351 336 1457 378 gray
1978 338 2060 379 109

252 440 473 483 redditum
517 454 594 483 sex
634 438 875 481 solidorum
923 444 966 480 et
1014 444 1114 481 octo
1163 437 1445 481 denariorum
1485 437 1653 480 vsualis
1696 445 1874 481 monete
1917 440 2060 482 scocie

254 510 488 553 annuatim
521 510 762 553 leuandum
791 510 844 552 de
872 515 968 551 tota
1001 514 1043 551 et
1076 509 1249 564 integra
1281 509 1400 551 dicta
1436 514 1554 551 terra
1587 510 1811 563 quondam
1840 510 2059 553 willelmi

252 581 457 624 buchane
499 582 681 623 Iacente
722 580 767 622 in
808 581 963 623 eodem
1004 579 1102 622 vico
1143 594 1196 622 ex
1237 579 1502 622 occidentali
1543 586 1670 634 parte
1711 579 1910 622 eiusdem
1947 580 2063 622 inter

253 657 418 694 terram
451 652 675 706 quondam
708 650 814 693 dicti
847 650 1072 693 alexandri
1105 650 1207 705 logy
1238 665 1291 692 ex
1323 649 1509 692 australi
1543 665 1595 691 ex
1619 664 1707 692 vna
1738 651 1798 692 Et
1825 657 1868 692 et
1897 657 2061 693 terram

253 723 477 776 quondam
501 721 717 764 Iohannis
739 721 936 763 lundoris
959 735 1012 763 ex
1033 720 1198 763 boreali
1227 721 1429 775 partibus
1458 721 1513 762 ab
1542 720 1682 763 altera
1711 720 2061 763 TENENDOS

254 798 297 834 et
329 792 558 835 habendos
588 798 708 834 totos
740 798 782 833 et
815 791 1012 846 integros
1044 791 1188 833 dictos
1221 805 1395 833 annuos
1426 791 1625 833 redditus
1655 805 1757 833 cum
1785 791 1877 833 suis
1898 791 2061 846 pertin-

254 862 393 904 enciis
433 862 616 917 prefatis
657 868 810 904 curato
852 868 895 903 et
938 861 1182 916 capellanis
1224 876 1275 903 ac
1319 861 1411 903 suis
1454 862 1786 904 successoribus
1819 861 1986 904 curatis
2018 868 2061 904 et

254 932 498 987 capellanis
523 932 628 987 dictj
661 932 783 974 chori
812 946 837 974 a
867 946 938 973 me
967 938 1009 973 et
1042 931 1278 973 heredibus
1311 932 1423 973 meis
1455 932 1500 973 in
1532 947 1690 986 puram
1723 939 1766 973 et
1799 939 2060 987 perpetuam

255 1003 554 1045 Elimosinam
593 1004 930 1057 Imperpetuum
965 1003 1080 1044 Cum
1118 1001 1239 1043 omni
1279 1003 1380 1043 Iure
1415 1008 1457 1044 et
1496 1002 1612 1044 Iuris
1649 1003 1821 1044 clameo
1858 1003 1922 1044 Ac
1959 1017 2061 1044 cum

253 1073 461 1116 omnibus
483 1079 526 1114 et
549 1071 737 1126 singulis
759 1071 1041 1114 libertatibus
1070 1071 1467 1114 commoditatibus
1497 1078 1539 1113 et
1563 1072 1826 1114 asiamentis
1849 1087 1900 1115 ac
1925 1072 2063 1114 Iustis

253 1143 346 1186 suis
374 1142 660 1198 pertinenciis
689 1141 1029 1197 quibuscunque
1062 1143 1117 1184 ad
1151 1142 1294 1184 dictos
1327 1157 1502 1184 annuos
1533 1142 1733 1184 redditus
1765 1157 1868 1185 cum
1900 1143 2063 1197 pertin-

252 1213 391 1257 enciis
432 1212 742 1269 spectantibus
790 1227 869 1255 seu
919 1214 1043 1257 Iuste
1086 1218 1288 1267 spectare
1333 1212 1589 1255 valentibus
1638 1213 1971 1267 quomodolibet
2018 1213 2063 1254 in

250 1284 449 1328 futurum
471 1285 536 1327 Ac
559 1283 826 1339 capiendum
849 1282 1084 1326 annuatim
1108 1290 1151 1326 et
1175 1283 1419 1326 leuandum
1442 1284 1495 1325 de
1517 1282 1626 1325 totis
1648 1289 1691 1325 et
1722 1282 1907 1338 integris
1935 1283 2064 1325 terris

251 1354 498 1410 prenotatis
520 1369 623 1397 cum
656 1353 749 1397 suis
777 1353 1066 1409 pertinenciis
1098 1355 1154 1396 ad
1186 1355 1298 1396 duos
1330 1353 1437 1396 anni
1468 1353 1686 1396 terminos
1710 1353 1892 1396 vsuales
1913 1360 2063 1408 pente-

251 1432 399 1468 costes
422 1425 629 1468 videlicet
655 1431 699 1468 et
726 1424 870 1480 sanctj
895 1424 1076 1480 martinj
1101 1424 1148 1466 in
1179 1424 1326 1466 hieme
1359 1439 1437 1479 per
1468 1424 1650 1479 equales
1676 1423 1908 1478 porciones
1941 1424 2001 1465 Et
2028 1423 2064 1465 si

252 1510 436 1539 necesse
456 1496 588 1538 fuerit
611 1495 868 1538 huiusmodi
900 1502 1043 1537 terras
1073 1501 1116 1537 et
1150 1495 1466 1537 Inhabitantes
1488 1496 1668 1537 easdem
1692 1509 1743 1536 ac
1767 1495 1883 1536 bona
1906 1508 1986 1536 sua
2009 1495 2064 1536 ad

253 1581 415 1610 manus
445 1566 647 1621 proprias
678 1581 757 1621 pro
789 1566 1001 1621 predictis
1033 1565 1196 1608 annuis
1227 1565 1474 1608 redditibus
1505 1565 1677 1607 tociens
1709 1563 1921 1619 quociens
1953 1579 2064 1619 opus

249 1637 380 1680 fuerit
403 1652 587 1680 namare
609 1644 652 1680 et
675 1637 939 1692 distringere
961 1643 1004 1679 et
1022 1637 1202 1679 eosdem
1221 1636 1448 1679 districtos
1470 1650 1549 1690 pro
1572 1650 1650 1677 sue
1672 1635 1798 1677 libito
1819 1633 2065 1676 voluntatis

253 1707 487 1763 disponere
521 1708 616 1750 sine
648 1722 914 1763 quocunque
954 1707 1071 1750 Iuris
1105 1706 1310 1749 ministro
1343 1707 1467 1749 Adeo
1499 1706 1634 1749 libere
1666 1704 1863 1761 plenarie
1894 1704 2064 1759 integre

253 1777 494 1820 honorifice
517 1779 628 1821 bene
651 1785 694 1821 et
717 1778 763 1820 in
785 1792 895 1833 pace
917 1777 962 1820 in
985 1777 1195 1820 omnibus
1216 1784 1259 1820 et
1291 1792 1370 1832 per
1391 1776 1542 1819 omnia
1565 1776 1680 1819 sicut
1703 1774 1866 1831 aliquis
1888 1789 2065 1818 annuus

252 1848 452 1891 redditus
493 1848 680 1892 ecclesie
721 1848 834 1892 infra
868 1850 1076 1904 Regnum
1109 1848 1254 1891 scocie
1298 1849 1352 1890 In
1394 1862 1554 1903 puram
1591 1853 1634 1889 et
1671 1851 1934 1902 perpetuam
1972 1845 2065 1887 Eli-

254 1919 476 1962 mosinam
500 1920 632 1962 datur
653 1919 912 1962 conceditur
933 1925 1011 1962 aut
1034 1918 1289 1974 possidetur
1310 1917 1405 1961 sine
1427 1916 1719 1960 reuocacione
1740 1915 2066 1959 reclamacione

253 1995 330 2031 aut
372 1989 724 2032 contradictione
766 1989 949 2044 aliquali
991 1989 1079 2031 mei
1120 1989 1335 2032 heredum
1377 2003 1579 2031 meorum
1616 1986 1948 2042 assignatorum
1987 1991 2064 2028 aut

252 2059 443 2102 aliorum
465 2074 833 2114 quorumcunque
852 2061 937 2103 Pro
955 2059 1298 2115 quibusquidem
1316 2058 1478 2102 annuis
1494 2057 1740 2101 redditibus
1757 2056 1863 2100 dicti
1884 2062 2067 2099 curatus

254 2129 476 2185 capellani
511 2145 563 2174 ac
598 2130 665 2173 sui
703 2145 985 2173 successores
1022 2130 1255 2173 annuatim
1293 2130 1573 2173 celebrarunt
1612 2128 1704 2183 [sic]
1741 2134 1784 2170 et
1819 2128 2066 2170 cantabunt

253 2215 391 2243 vnum
420 2201 777 2244 anniuersarium
800 2202 857 2244 ad
880 2201 1021 2244 altare
1051 2207 1205 2244 sancte
1235 2202 1420 2244 barbare
1446 2200 1560 2243 infra
1582 2198 1818 2242 ecclesiam
1848 2197 2064 2239 situatum

252 2270 458 2314 videlicet
481 2272 710 2327 Exequias
738 2273 1047 2315 defunctorum
1073 2271 1118 2314 in
1151 2278 1282 2314 nocte
1315 2271 1457 2326 sanctj
1493 2270 1676 2325 Ninianj
1712 2284 1763 2312 ac
1795 2268 1980 2310 missam
2013 2268 2066 2309 de

254 2341 376 2384 Nota
407 2341 452 2384 in
484 2342 554 2385 die
585 2342 704 2386 beati
726 2343 895 2398 ninianj
920 2358 1022 2386 cum
1046 2342 1206 2386 ceteris
1231 2342 1381 2384 missis
1402 2341 1645 2396 trigintalis
1676 2354 1754 2395 per
1783 2337 2066 2381 ebdomidam

253 2417 301 2453 vt
333 2412 469 2455 moris
501 2419 568 2456 est
600 2420 862 2469 sequentem
898 2415 1087 2468 Insuper
1118 2413 1330 2456 collector
1358 2412 1599 2454 eorundem
1628 2409 1962 2465 capellanorum
1993 2406 2067 2461 qui

255 2497 333 2537 pro
357 2488 558 2538 tempore
578 2484 709 2527 fuerit
738 2499 975 2540 preconem
1003 2499 1105 2527 cum
1135 2497 1357 2538 campana
1389 2482 1560 2524 minore
1591 2495 1670 2536 per
1699 2486 1844 2522 toturn
1877 2478 2066 2532 burgum

252 2552 393 2608 perire
413 2553 547 2597 faciet
569 2554 614 2596 in
637 2555 756 2598 dicta
784 2562 916 2598 nocte
945 2554 1090 2598 sancti
1113 2553 1297 2608 Ninianj
1325 2559 1372 2595 vt
1394 2552 1605 2595 incitetur
1625 2550 1816 2606 populus
1838 2549 1894 2591 ad
1917 2548 2066 2601 depre-

253 2624 447 2665 candum
471 2638 548 2679 pro
571 2625 716 2667 salute
738 2625 990 2668 animarum
1013 2624 1314 2681 predictarum
1339 2622 1564 2666 Tabulam
1586 2635 1719 2676 super
1739 2618 2065 2662 monimentum

255 2700 390 2748 ponet
415 2700 458 2736 et
482 2694 646 2738 locabit
669 2698 856 2739 eandem
886 2696 1022 2752 pallio
1051 2695 1227 2739 decenti
1255 2709 1334 2737 seu
1359 2699 1623 2736 ornamento
1655 2688 1876 2745 cooperiet
1907 2686 2067 2729 lumin-

256 2763 349 2806 aria
372 2779 499 2807 cerea
521 2765 718 2809 inueniet
742 2768 991 2822 Ceteraque
1013 2766 1165 2809 omnia
1187 2771 1230 2808 et
1253 2764 1430 2820 singula
1450 2763 1496 2805 in
1519 2761 1741 2806 consimili
1763 2756 2068 2803 anniuersario
2130 2775 2134 2780 ·

256 2835 467 2890 suffragia
507 2836 676 2878 faciens
718 2838 778 2879 Et
821 2838 1056 2880 sacristam
1098 2837 1267 2892 prefate
1309 2833 1496 2878 ecclesie
1537 2845 1784 2888 campanas
1825 2828 1980 2871 solitas
2023 2831 2066 2868 et

256 2912 496 2947 consuetas
535 2906 652 2948 trina
682 2907 778 2949 vice
820 2910 875 2950 ad
917 2908 1172 2950 huiusmodi
1205 2905 1416 2960 exequias
1457 2911 1500 2947 et
1542 2905 1598 2947 ad
1635 2915 1847 2957 magnam
1880 2898 2066 2940 missam

256 2982 485 3018 cantatam
518 2976 697 3031 pulsare
725 2985 772 3020 vt
801 2978 937 3020 moris
968 2986 1036 3022 est
1069 2986 1247 3021 tantum
1284 2991 1361 3032 pro
1391 2974 1512 3018 omni
1541 2974 1629 3017 alio
1661 2970 1848 3015 seruicio
1878 2965 2066 3010 seculari
