2524 3418
162 633 217 664 sol.
237 635 275 665 33
288 631 300 651 ²

451 298 504 339 86
820 299 860 338 F
864 297 1032 339 nudatio
1061 297 1247 352 Angusii
1276 297 1502 339 adamsoun
1532 296 1752 352 capellanis
1782 296 1895 338 chori

451 412 619 454 eisdem
646 411 774 455 altari
801 418 844 454 et
866 411 1099 467 capellano
1121 409 1195 465 qui
1218 425 1296 465 pro
1324 417 1523 466 tempore
1554 409 1685 453 fuerit
1717 410 1761 452 in
1793 410 1921 452 feodo
1943 416 1985 452 et
2009 409 2254 453 hereditate

455 481 500 523 in
530 480 856 537 imperpetuum
885 481 1018 524 libere
1044 479 1191 535 quiete
1214 479 1409 534 plenarie
1435 479 1605 535 integre
1627 479 1868 523 honorifice
1890 485 1933 522 et
1955 477 1999 521 in
2022 493 2131 535 pace
2153 494 2254 523 cum

457 550 664 593 omnibus
686 558 728 593 et
751 550 938 605 singulis
961 548 1240 592 libertatibus
1262 548 1657 592 commoditatibus
1680 555 1723 591 et
1747 548 2025 592 aisiamentis
2042 563 2094 591 ac
2118 548 2257 592 Iustis

457 619 743 674 pertinenciis
769 619 1104 673 quibuscunque
1138 618 1193 660 ad
1226 617 1369 660 dictos
1400 632 1574 661 annuos
1608 617 1828 660 Redditus
1850 616 2157 673 spectantibus
2179 631 2257 660 seu

456 689 613 732 iustice
640 696 841 744 spectare
863 687 1116 731 valentibus
1138 687 1468 742 quomodolibet
1491 688 1535 730 in
1557 688 1755 731 futurum
1785 687 1880 731 sine
1909 687 2058 743 aliqua
2078 702 2258 731 reuoca·

456 758 582 801 cione
605 759 674 800 uel
698 756 1021 800 reclamacione
1043 763 1120 800 aut
1144 756 1495 800 contradictione
1520 757 1606 800 mei
1630 757 1699 800 uel
1723 758 1935 800 heredum
1958 771 2158 800 meorum
2181 762 2258 800 aut

456 828 642 871 aliorum
666 841 1031 882 quorumcunque
1054 826 1233 869 nomine
1265 833 1417 870 nostro
1449 827 1520 870 uel
1543 842 1596 870 ex
1618 834 1743 882 parte
1775 834 1928 870 nostra
1958 827 2060 870 inde
2082 825 2258 882 quouis-

456 899 587 940 modo
622 896 837 939 faciendis
874 896 918 939 in
954 897 1152 939 futurum
1193 896 1423 940 faciendus
1456 897 1557 941 inde
1595 897 1741 940 dictus
1782 897 2041 953 capellanus
2072 895 2146 952 qui
2181 911 2259 952 pro

455 976 655 1022 tempore
683 967 813 1010 fuerit
850 981 928 1022 pro
963 968 1107 1010 salute
1138 966 1286 1010 anime
1319 982 1415 1011 mee
1445 975 1488 1011 et
1517 967 1768 1011 animarum
1791 967 1990 1011 omnium
2022 973 2258 1023 parentum

456 1037 701 1080 amicorum
740 1051 941 1080 meorum
979 1052 1031 1080 ac
1068 1037 1267 1080 omnium
1305 1037 1502 1080 fidelium
1545 1038 1854 1081 defunctorum
1891 1038 1978 1081 duo
2012 1035 2260 1092 trigintalia

456 1106 693 1149 missarum
735 1121 814 1161 pro
855 1106 1012 1161 viginti
1055 1106 1208 1149 solidis
1249 1121 1498 1150 annuorum
1550 1107 1803 1150 reddituum
1844 1106 2142 1162 predictorum
2183 1119 2262 1161 per

455 1177 711 1232 capellanos
752 1176 938 1218 ecclesie
974 1176 1170 1231 predicte
1206 1175 1251 1218 in
1288 1183 1488 1232 tempore
1524 1177 1672 1220 obitus
1709 1176 1803 1220 siue
1839 1175 2131 1220 anniuersarii
2173 1174 2260 1217 mei

455 1246 688 1289 annuatim
712 1246 935 1289 celebrare
966 1247 1025 1288 Et
1055 1260 1133 1301 pro
1155 1246 1360 1289 vndecim
1384 1246 1536 1289 solidis
1558 1253 1601 1289 et
1624 1253 1724 1290 octo
1747 1247 1942 1302 denarijs
1966 1245 2259 1289 Restantibus

455 1317 508 1359 de
531 1315 692 1359 annuis
713 1315 958 1359 redditibus
980 1315 1191 1370 predictis
1213 1330 1347 1358 vnam
1371 1316 1556 1359 missam
1579 1317 1808 1360 solennem
1841 1323 2031 1372 quatuor
2063 1314 2260 1359 candelis

455 1385 591 1428 sereis
613 1385 814 1428 honestis
836 1392 879 1428 et
903 1385 1225 1428 sufficientibus
1247 1400 1358 1441 quas
1375 1385 1492 1428 idem
1517 1387 1788 1442 Capellanus
1810 1387 1902 1429 suis
1925 1386 2116 1442 sumptis
2138 1384 2260 1428 dabit

454 1462 497 1498 et
523 1455 727 1498 Inueniet
749 1455 1007 1498 ardentibus
1028 1462 1075 1498 vt
1099 1455 1235 1498 moris
1266 1462 1333 1498 est
1366 1455 1410 1497 in
1440 1455 1560 1499 dicta
1588 1456 1778 1500 ecclesia
1805 1456 1849 1499 in
1873 1458 2028 1500 eodem
2055 1455 2258 1499 anniuer-

455 1525 571 1568 sario
617 1539 696 1580 pro
743 1524 979 1568 animabus
1025 1524 1237 1580 predictis
1288 1524 1522 1568 annuatim
1573 1525 1814 1569 celebrabit
1866 1532 1942 1569 aut
1994 1540 2072 1581 per
2121 1525 2258 1568 aliurn

454 1595 677 1649 ydoneum
708 1592 840 1635 faciet
875 1592 1088 1636 celebrari
1125 1608 1177 1636 ac
1215 1593 1356 1636 eciam
1394 1593 1506 1636 alias
1542 1609 1696 1649 preces
1732 1594 1944 1650 predictis
1980 1595 2135 1638 fundet
2169 1593 2261 1637 ani-

457 1665 615 1706 mabus
637 1663 798 1706 annuis
820 1662 1065 1706 redditibus
1087 1663 1299 1718 predictis
1322 1663 1616 1707 consideratis
1637 1671 1768 1720 prout
1784 1664 1973 1708 voluerit
1995 1665 2040 1707 in
2062 1671 2261 1708 extremo

455 1735 687 1776 tremendo
721 1732 891 1775 Iudicio
923 1747 1074 1776 coram
1107 1748 1284 1776 summo
1317 1733 1469 1776 Iudice
1501 1735 1788 1789 Respondere
1819 1741 1997 1777 tantum
2030 1748 2108 1790 pro
2139 1732 2262 1776 omni

456 1803 542 1845 alio
584 1803 773 1846 seruicio
815 1803 1002 1858 secularj
1047 1803 1278 1847 exactione
1326 1804 1397 1847 uel
1443 1805 1665 1847 demanda
1707 1819 1792 1860 que
1835 1806 1888 1848 de
1929 1804 2061 1848 dictis
2101 1803 2262 1847 annuis

455 1873 701 1916 redditibus
737 1887 839 1916 cum
877 1873 1165 1928 pertinenciis
1201 1888 1279 1929 per
1312 1888 1600 1929 quoscunque
1638 1874 1890 1930 aliqualiter
1921 1873 2035 1930 exigi
2067 1872 2262 1930 poterint

456 1949 533 1985 aut
569 1941 730 1997 requirj
776 1943 836 1984 Et
878 1957 960 1997 ego
1000 1957 1104 1986 vero
1144 1943 1373 1998 Angusius
1413 1944 1611 1999 prefatus
1651 1950 1695 1986 et
1736 1944 1922 1987 heredes
1963 1942 2050 1986 mei
2090 1949 2134 1986 et
2176 1942 2263 1985 mei

455 2011 671 2066 assignatj
696 2018 816 2054 totos
844 2018 887 2054 et
916 2012 1114 2067 integros
1135 2012 1359 2067 predictos
1381 2027 1555 2056 annuos
1579 2013 1779 2056 redditus
1807 2013 2036 2069 prelibatis
2064 2012 2192 2068 altarj
2218 2018 2261 2055 et

455 2081 687 2136 capellano
729 2086 885 2124 contra
921 2096 1078 2124 omnes
1119 2083 1332 2125 mortales
1367 2083 1782 2127 Warantizabimus
1823 2082 2177 2138 acquietabimus
2217 2088 2261 2125 et

456 2150 784 2206 imperpetuum
816 2165 893 2206 per
929 2151 1080 2195 omnia
1115 2152 1233 2195 bona
1269 2158 1422 2196 nostra
1458 2152 1640 2196 mobilia
1672 2159 1715 2195 et
1747 2151 1994 2195 immobilia
2029 2150 2183 2194 habita
2219 2156 2262 2192 et

455 2221 661 2263 habenda
683 2220 872 2263 fideliter
893 2221 1183 2265 defendemus
1213 2224 1266 2265 In
1296 2222 1423 2266 cuius
1450 2223 1513 2266 rei
1541 2222 1849 2266 testimonium
1880 2221 2086 2277 Sigillum
2113 2235 2262 2263 meum

456 2289 651 2344 presenti
674 2296 794 2332 carte
817 2305 914 2333 mee
935 2305 1126 2334 vnacum
1154 2291 1300 2347 sigillo
1330 2292 1546 2335 Iohannis
1568 2294 1622 2335 de
1643 2292 1715 2334 fife
1737 2291 1971 2347 burgensis
1999 2288 2105 2333 dicti
2133 2288 2260 2344 burgj

456 2373 534 2413 per
555 2359 775 2414 prefatum
801 2360 1049 2404 Iohannem
1079 2361 1220 2404 filium
1245 2362 1460 2405 Iohannis
1488 2364 1761 2405 adamesoun
1793 2360 1969 2416 nepotis
2001 2359 2088 2402 mei
2109 2359 2154 2402 in
2176 2365 2263 2402 tes-

456 2428 692 2471 timonium
723 2429 791 2472 sui
814 2444 1059 2474 consensus
1082 2433 1136 2475 ob
1159 2432 1381 2475 defectum
1403 2431 1568 2488 proprij
1598 2431 1730 2487 sigilli
1753 2446 1854 2474 cum
1877 2429 2093 2473 instantia
2108 2428 2264 2473 debita

456 2504 742 2551 procuratum
774 2505 841 2541 est
873 2514 1121 2554 appensum
1156 2502 1216 2543 Et
1248 2502 1304 2545 ad
1336 2501 1551 2545 maiorem
1585 2500 1863 2544 euidenciam
1895 2506 1938 2542 et
1975 2498 2262 2542 securitatem

458 2567 663 2621 Sigillum
681 2567 899 2611 Willelmi
923 2570 1104 2613 scherar
1124 2570 1254 2613 vnius
1276 2569 1542 2614 balliuorum
1565 2570 1671 2614 dicti
1694 2569 1820 2625 burgi
1843 2576 1886 2612 et
1909 2569 2076 2612 datoris
2098 2568 2262 2612 saisine

457 2643 499 2678 et
531 2636 829 2691 possessionis
861 2640 1135 2695 procuratorj
1165 2640 1363 2683 eiusdem
1396 2640 1550 2684 altaris
1581 2641 1634 2683 de
1666 2639 1797 2682 dictis
1829 2638 1990 2682 annuis
2018 2637 2263 2681 redditibus

457 2720 558 2748 cum
604 2706 893 2761 pertinenciis
934 2709 1097 2764 apponi
1139 2710 1421 2765 presentibus
1463 2725 1563 2753 cum
1606 2708 1828 2752 instancia
1869 2707 2104 2764 procuraui
2144 2707 2262 2762 apud

457 2779 646 2832 burgum
682 2779 932 2833 predictum
963 2780 1176 2823 vicesimo
1210 2781 1348 2824 tercio
1380 2781 1449 2824 die
1481 2780 1649 2823 mensis
1681 2780 1784 2835 maij
1820 2794 1937 2823 anno
1966 2777 2133 2822 domini
2165 2777 2261 2820 mil-

457 2847 614 2888 lesimo
647 2848 1089 2903 quadringentesimo
1119 2850 1462 2906 quadragesimo
1487 2850 1700 2893 Testibus
1730 2849 1918 2905 gilberto
1950 2862 2130 2892 menzes
2154 2854 2262 2890 tunc

456 2917 682 2972 preposito
713 2919 913 2962 Iohanne
945 2921 1090 2963 Waus
1121 2921 1276 2964 thoma
1302 2922 1493 2977 kymedy
1525 2922 1729 2963 duncano
1762 2921 1953 2976 kymedy
1975 2919 2175 2962 Iohanne
2207 2918 2260 2960 de
