2524 3418
780 319 924 363 Obitus
954 317 1148 375 magistri
1176 317 1377 361 Iohannis
1410 317 1639 373 baidenaglz
2033 332 2113 375 245

303 452 432 479 vsum
455 443 497 479 et
520 437 804 479 commodum
837 436 1077 478 eorundem
1111 449 1188 489 pro
1220 433 1503 476 oracionibus
1535 441 1577 476 et
1611 435 1833 489 suffragiis
1859 450 1936 490 pro
1961 436 2114 478 anima

304 521 404 549 mea
426 513 468 549 ct
491 507 789 561 predictorum
812 505 1145 548 nominatorum
1169 505 1356 559 singulis
1379 505 1508 546 annis
1540 504 1871 559 imperpetuum
1894 506 2112 548 faciendis

305 576 365 617 Et
397 590 478 630 ego
509 590 612 618 vero
644 575 869 630 predictus
902 574 1115 629 magister
1148 575 1373 616 Iohannes
1407 574 1700 629 Baidenaugh
1734 575 1919 617 heredes
1953 575 2039 617 mei
2068 582 2110 617 et

289 645 520 700 ⁸assignati
557 645 805 700 predictum
843 659 1042 687 annuum
1084 644 1307 686 redditum
1348 644 1506 698 viginti
1550 651 1740 698 quatuor
1782 645 2024 687 solidorum
2070 652 2112 687 et

306 714 472 757 dictam
505 721 668 756 terram
703 721 748 756 vt
782 714 978 768 prefatus
1009 713 1052 754 in
1087 713 1281 767 presenti
1315 720 1439 754 carta
1471 720 1776 767 expressatam
1804 713 1935 755 dictis
1959 720 2113 755 curato

305 791 348 826 et
381 784 624 839 capellanis
647 799 698 826 ac
721 784 813 826 suis
843 783 1175 826 successoribus
1208 790 1363 825 contra
1395 797 1551 825 omnes
1585 784 1796 826 mortales
1831 784 2114 826 Warantiza-

307 854 453 896 bimus
482 854 837 908 acquietabimus
869 861 912 895 et
945 854 1272 908 imperpetuum
1307 853 1596 895 defendemus
1631 855 1682 895 In
1717 854 1842 896 cuius
1878 854 1959 896 Rei
1992 854 2115 896 testi-

307 923 507 966 monium
541 924 746 979 Sigillum
780 938 927 965 meum
961 938 1154 965 vnacum
1181 923 1326 977 sigillo
1359 923 1632 965 honorabilis
1662 924 1741 965 viri
1775 924 1949 966 Thome
1971 926 2117 967 Waus

305 994 435 1036 vnius
458 994 723 1037 balliuorum
747 995 800 1036 de
822 995 1053 1036 Aberdene
1077 1008 1128 1035 ac
1152 993 1321 1035 datoris
1343 993 1491 1035 Sasine
1514 994 1733 1035 dictorum
1757 994 1893 1036 annui
1916 994 2115 1036 redditus

306 1070 349 1105 et
381 1070 496 1105 terre
521 1064 762 1107 venerabili
794 1064 888 1105 viro
920 1063 1100 1105 domino
1133 1063 1267 1105 dauid
1299 1065 1446 1106 Waus
1479 1064 1694 1117 magistro
1728 1063 1964 1118 hospitalis
1997 1063 2115 1105 beati

306 1132 481 1174 Thome
503 1133 697 1174 martiris
720 1134 772 1174 de
795 1134 1026 1174 Aberdene
1056 1132 1282 1174 collectori
1305 1132 1525 1174 dictorum
1553 1132 1694 1174 curati
1717 1139 1759 1174 et
1783 1132 2113 1186 capellanorum

306 1217 383 1257 pro
415 1209 614 1257 tempore
647 1209 689 1244 et
722 1203 766 1244 in
799 1203 925 1245 cuius
958 1202 1165 1245 manibus
1202 1203 1346 1244 dictos
1382 1217 1581 1244 annuum
1619 1203 1842 1244 redditum
1875 1208 1918 1243 et
1950 1209 2114 1244 terram

305 1272 523 1326 legittime
563 1273 869 1327 resignauerat
912 1273 1014 1315 huic
1067 1273 1262 1327 presenti
1314 1280 1436 1315 carte
1478 1288 1574 1314 mee
1613 1279 1716 1314 sunt
1756 1287 1955 1326 appensa
1998 1273 2115 1326 apud

304 1343 536 1384 Aberdene
556 1343 769 1385 vicesima
792 1343 861 1384 die
884 1343 1052 1385 mensis
1077 1343 1176 1397 Iulij
1202 1343 1247 1384 in
1270 1345 1401 1385 Anno
1433 1343 1600 1384 domini
1634 1342 1871 1384 millesimo
1905 1342 2116 1396 quingen-

304 1411 465 1454 tesimo
501 1413 764 1454 duodecimo
801 1428 950 1455 coram
988 1413 1074 1454 hiis
1106 1413 1297 1455 testibus
1328 1413 1655 1455 venerabilibus
1692 1420 1734 1455 et
1772 1413 1977 1455 discretis
2011 1412 2118 1454 viris

306 1481 521 1536 magistro
564 1483 786 1525 Edwardo
829 1484 1175 1538 cunnynghame
1214 1485 1405 1525 Rectore
1442 1485 1495 1526 de
1533 1498 1673 1538 cusny
1710 1483 1924 1538 magistro
1968 1484 2117 1525 Dauid

306 1565 485 1594 menzes
529 1553 744 1607 magistro
795 1554 951 1596 thoma
1003 1554 1219 1596 chamour
1267 1554 1448 1596 domino
1502 1554 1702 1596 Iohanne
1744 1555 1890 1596 Waus
1938 1554 2117 1596 domino

305 1621 537 1664 Willelmo
570 1623 811 1677 philpsoun
846 1624 1047 1666 Iohanne
1080 1624 1327 1666 matelland
1359 1631 1402 1666 et
1439 1624 1628 1679 gilberto
1665 1631 1878 1678 prestoun
1913 1624 2117 1666 seriando

306 1690 412 1733 dicti
454 1692 578 1747 burgi
621 1694 673 1735 de
706 1694 938 1736 Aberdene
975 1709 1076 1737 cum
1115 1695 1214 1737 aliis
1256 1702 1298 1737 et
1342 1695 1532 1737 diuersis
1573 1695 1763 1738 testibus
1805 1697 1860 1738 ad
1902 1695 2119 1750 premissa

307 1761 480 1804 vocatis

1102 1916 1322 1958 CXVIII.

438 2029 629 2073 BITUS
671 2031 873 2086 magistri
917 2033 1132 2075 Iohannis
1170 2033 1430 2088 Baidenagh
1473 2033 1625 2088 vicarij
1665 2035 1718 2075 de
1757 2035 1953 2088 Gamery
1990 2033 2116 2075 cuius

476 2099 809 2143 anniuersarius
829 2117 906 2156 per
924 2109 1129 2145 curatum
1147 2110 1190 2145 et
1209 2104 1466 2157 capellanos
1483 2103 1605 2145 chori
1623 2103 1810 2145 ecclesie
1828 2102 2116 2158 perrochialis

309 2167 427 2210 beati
462 2168 685 2225 Nicholaij
722 2172 847 2226 burgi
880 2174 933 2214 de
965 2174 1196 2216 Aberdene
1229 2175 1284 2216 ad
1318 2174 1457 2216 altare
1490 2174 1634 2216 sancti
1669 2174 1885 2216 Iohannis
1923 2173 2115 2228 baptiste

310 2237 527 2280 situatum
561 2239 605 2280 in
638 2241 758 2283 dicta
790 2242 979 2284 ecclesia
1012 2243 1256 2297 parochiali
1292 2243 1525 2286 annuatim
1559 2250 1601 2285 et
1634 2243 1963 2298 imperpetuum
1996 2242 2116 2284 omni

309 2307 532 2351 dominica
566 2311 767 2364 proxima
801 2319 844 2354 et
879 2313 1138 2355 immediate
1170 2316 1435 2368 precedente
1473 2313 1836 2368 solempnitatem
1871 2320 1914 2355 et
1950 2311 2117 2354 festini-

309 2384 448 2420 tatem
472 2381 672 2422 omnium
700 2389 958 2425 sanctorum
982 2384 1026 2425 in
1049 2384 1168 2426 hunc
1201 2386 1382 2426 modum
1415 2384 1621 2426 videlicet
1654 2385 1864 2439 exequias
1892 2384 2117 2426 defuncto-

310 2462 408 2489 rum
442 2463 543 2491 cum
581 2451 766 2505 placebo
799 2460 842 2495 et
875 2454 1012 2508 dirige
1045 2454 1089 2495 in
1122 2456 1308 2497 sabbato
1346 2455 1600 2509 precedenti
1633 2461 1675 2497 et
1708 2455 1893 2496 missam
1928 2454 1981 2495 de
2013 2459 2119 2494 nota

310 2517 355 2559 in
393 2519 490 2573 ipsa
526 2522 750 2565 dominica
787 2539 889 2566 curn
923 2525 1081 2566 ceteris
1114 2525 1264 2567 missis
1295 2525 1482 2580 priuatis
1515 2540 1592 2580 per
1623 2525 1906 2567 ebdomidam
1940 2526 1999 2571 Et
2033 2526 2119 2567 col-

310 2587 449 2629 lector
493 2591 827 2644 capellanorum
879 2608 1116 2648 preconem
1169 2609 1270 2636 cum
1323 2609 1544 2649 campana
1595 2594 1793 2636 manuali
1845 2608 1923 2649 per
1973 2601 2118 2637 totum

311 2658 499 2712 burgum
536 2661 677 2714 preire
712 2663 844 2705 faciet
881 2664 926 2706 in
959 2665 1077 2707 dicto
1113 2666 1299 2708 sabbato
1331 2672 1377 2707 vt
1410 2665 1621 2707 incitetur
1652 2666 1842 2720 populus
1875 2666 1931 2707 ad
1968 2666 2118 2720 depre-

311 2729 503 2769 candum
540 2744 619 2783 pro
655 2732 890 2776 animabus
926 2736 1213 2778 fundatorum
1247 2735 1470 2778 Tabulam
1504 2736 1598 2778 siue
1631 2736 1768 2778 sedile
1801 2751 1934 2791 super
1965 2751 2119 2778 monu-

310 2803 512 2839 mentum
546 2799 708 2843 locabit
746 2809 789 2844 et
823 2803 1061 2847 luminaria
1097 2805 1295 2847 inueniet
1328 2811 1374 2847 vt
1412 2805 1457 2846 in
1490 2812 1614 2847 carta
1651 2805 1906 2859 precedenti
1943 2805 2119 2859 plenius

311 2867 565 2910 continetur
614 2885 693 2924 pro
744 2887 831 2927 quo
883 2874 1061 2929 quidem
1114 2876 1421 2919 anniuersario
1475 2878 1811 2932 Imperpetuum
1855 2877 2119 2919 celebrando

310 2935 593 2980 infeodantur
643 2939 687 2981 in
728 2941 885 2997 viginti
937 2935 1128 2999 quatuor
1178 2946 1331 2988 solidis
1377 2947 1611 2989 annuatim
1663 2946 1866 2989 leuandis
1908 2948 1961 2989 de
2002 2953 2120 2989 terra

2146 2042 2204 2075 fol.
2223 2044 2261 2075 98
2273 2041 2284 2062 ²

2149 2120 2271 2152 Obitus
2288 2119 2412 2160 magis·

2147 2164 2188 2195 tri
2204 2163 2366 2195 Iohannis

2147 2207 2340 2248 baidenagh
