2524 3418
846 325 977 368 Carta
1007 324 1208 366 Iohannis
1239 329 1382 367 artour
1943 340 2023 382 145

216 443 578 486 HABENDAM
601 447 744 484 totam
775 446 817 482 et
851 441 1081 494 Integram
1113 438 1281 482 dictam
1313 446 1479 483 terram
1513 440 1781 482 anteriorem
1806 456 1908 484 cum
1931 442 2024 484 suis

215 512 505 569 pertinenciis
541 511 712 567 prefato
749 510 930 552 domino
969 508 1160 552 Iohanni
1197 515 1239 552 et
1277 507 1370 551 suis
1407 509 1751 553 Successoribus
1787 512 1840 553 de
1874 526 1946 554 me
1982 518 2025 554 et

216 584 451 626 heredibus
474 582 586 624 meis
608 581 652 623 in
675 595 833 636 puram
860 586 903 622 et
930 585 1193 634 perpetuam
1221 578 1531 622 Elemosinam
1559 581 1896 635 Imperpetuum
1924 596 2025 624 cum

217 654 338 697 omni
372 656 473 696 Iure
505 659 548 695 et
583 651 700 694 Iuris
732 650 916 693 Clameo
951 665 1052 692 cum
1083 649 1243 692 debitis
1272 649 1550 704 longitudine
1581 656 1625 692 et
1658 649 1894 693 latitudine
1926 665 2027 693 cum

217 723 404 779 edificijs
435 724 625 777 desuper
656 720 926 764 constructis
955 726 998 762 et
1028 719 1339 762 construendis
1368 734 1470 762 cum
1502 719 1725 774 lapidibus
1753 727 1796 763 et
1826 721 1947 764 calce
1977 735 2028 763 ac

218 809 320 837 cum
343 793 550 836 omnibus
572 791 672 835 aliis
694 797 736 833 et
760 790 949 845 singulis
975 790 1257 833 libertatibus
1283 790 1679 833 commoditatibus
1701 797 1744 834 et
1767 790 2031 834 asiamentis

219 879 271 907 ac
315 862 453 905 Iustis
494 862 587 904 suis
628 860 915 916 pertinenciis
963 861 1300 915 Imperpetuum
1342 866 1436 902 tam
1478 859 1724 904 nominatis
1764 876 1899 917 quam
1941 876 2029 904 non

219 932 462 975 nominatis
478 937 573 974 tam
597 931 754 973 subtus
770 936 936 972 terram
960 943 1094 984 quam
1118 944 1253 984 supra
1271 930 1326 972 ad
1345 929 1512 972 dictam
1534 936 1700 974 terram
1724 931 2032 986 spectantibus

220 1018 299 1045 seu
325 1002 441 1045 iuste
467 1006 671 1056 spectare
691 999 946 1043 valentibus
968 999 1301 1054 quomodolibet
1327 999 1372 1041 in
1397 999 1599 1042 futurum
1625 1001 1736 1043 adeo
1764 1000 1899 1044 libere
1921 1007 1964 1044 et
1987 1001 2031 1042 in

220 1087 330 1127 pace
370 1071 485 1114 sicut
532 1070 682 1125 aliqua
723 1075 842 1112 terra
883 1069 997 1112 infra
1038 1083 1225 1124 regnum
1268 1069 1407 1112 scotie
1449 1069 1494 1111 in
1536 1084 1693 1125 puram
1722 1071 2030 1114 Elemosinam

222 1144 353 1185 datur
383 1148 460 1184 aut
487 1140 747 1183 conceditur
773 1139 868 1182 sine
895 1153 1159 1194 quocunque
1200 1145 1509 1182 retenemento
1543 1146 1620 1183 aut
1655 1142 1887 1185 obstaculo
1914 1141 2033 1185 dicto

222 1211 402 1254 domino
436 1209 627 1252 Iohanni
659 1209 940 1265 personalem
973 1208 1261 1251 residentiam
1291 1208 1404 1252 infra
1433 1209 1602 1252 dictum
1631 1211 1822 1266 burgum
1853 1211 2034 1254 facienti

222 1289 265 1324 et
304 1281 371 1324 sui
409 1295 690 1323 successores
732 1279 938 1322 similiter
974 1294 1026 1322 ac
1063 1279 1199 1322 etiam
1243 1279 1441 1334 quotidie
1483 1294 1585 1322 cum
1627 1280 1832 1336 dispositi
1871 1281 2036 1324 fuerint

222 1349 487 1394 celebraturi
519 1351 575 1393 ad
607 1349 776 1392 dictum
809 1349 950 1392 altare
981 1363 1062 1403 pro
1094 1348 1240 1391 salute
1271 1362 1372 1391 mea
1400 1354 1444 1390 et
1475 1348 1683 1392 omnibus
1706 1349 2038 1393 Intentionibus

223 1419 335 1462 meis
370 1425 419 1462 ut
454 1433 589 1474 supra
622 1419 810 1461 Necnon
843 1417 1040 1461 Chorum
1075 1417 1331 1460 huiusmodi
1366 1417 1553 1461 ecclesie
1590 1418 1826 1463 dominicis
1860 1426 1903 1462 et
1937 1419 2038 1462 aliis

222 1489 396 1534 festiuis
427 1489 584 1533 diebus
614 1490 879 1532 decorantes
908 1490 969 1531 Et
1001 1488 1038 1530 si
1067 1487 1300 1544 contingat
1329 1487 1498 1532 dictum
1529 1489 1759 1533 dominum
1788 1490 2037 1534 Iohannem

225 1567 269 1604 et
298 1575 404 1603 suos
436 1561 730 1603 Successores
761 1559 806 1601 in
838 1558 1070 1614 premissis
1101 1565 1178 1602 aut
1210 1559 1360 1614 aliquo
1391 1559 1711 1615 premissorum
1741 1562 1928 1604 deficere
1953 1560 2039 1604 nisi

163 1618 171 1628 ’
225 1630 356 1674 fuerit
378 1645 515 1674 causa
538 1629 819 1685 Egritudinis
836 1635 912 1672 aut
936 1644 988 1671 ex
1011 1629 1193 1684 speciali
1209 1629 1424 1672 facultate
1440 1630 1616 1685 patronj
1637 1645 1715 1685 pro
1731 1637 1933 1686 tempore
1949 1632 2039 1674 Aut

228 1700 264 1742 si
283 1699 514 1755 contingat
537 1698 712 1742 edificia
734 1698 991 1741 huiusmodi
1013 1705 1130 1741 terre
1152 1699 1340 1742 deficere
1362 1699 1407 1740 in
1430 1699 1606 1742 defectu
1629 1700 1861 1755 Capellanj
1882 1701 1927 1742 in
1944 1706 2040 1743 toto

228 1768 297 1811 vel
320 1768 365 1811 in
387 1774 514 1823 parte
542 1773 650 1810 tunc
679 1767 852 1810 licitum
882 1767 964 1810 erit
992 1773 1184 1822 patrono
1212 1782 1315 1811 cum
1343 1768 1501 1811 eadem
1532 1769 1795 1824 Capellania
1822 1770 2042 1814 intromit-

229 1846 323 1881 tere
355 1844 398 1880 et
431 1852 532 1880 cum
564 1837 785 1880 vniuersis
815 1837 1034 1880 fructibus
1066 1836 1265 1880 eiusdem
1295 1844 1338 1881 et
1368 1839 1423 1881 ad
1449 1838 1742 1893 applicandas
1773 1841 1952 1884 easdem
1986 1842 2042 1884 ad

231 1907 559 1962 reparationem
589 1906 845 1949 huiusmodi
873 1906 1148 1950 edificiorum
1176 1907 1337 1962 quibus
1364 1908 1583 1963 reparatis
1611 1908 1784 1953 licitum
1814 1910 1895 1954 erit
1924 1911 2043 1954 dicto

230 1984 419 2033 patrono
455 1978 509 2020 de
550 1978 706 2020 eadem
749 1976 1012 2032 Cuicunque
1050 1977 1284 2032 capellano
1323 1978 1496 2033 ydoneo
1537 1977 1772 2034 disponere
1813 1986 1856 2023 et
1898 1980 2042 2024 eidem

233 2048 394 2091 sinitur
421 2048 619 2090 conferre
647 2048 814 2102 absque
838 2061 1102 2102 quocunque
1131 2047 1364 2090 obstaculo
1393 2049 1454 2090 Et
1483 2062 1564 2103 ego
1586 2062 1690 2091 vero
1712 2048 1859 2092 dictus
1883 2050 2044 2093 Iohan-

234 2133 314 2160 nes
349 2117 536 2160 heredes
573 2116 660 2159 mei
697 2123 740 2159 et
778 2116 996 2172 assignati
1033 2123 1178 2160 totam
1211 2123 1254 2160 et
1290 2116 1513 2173 integram
1545 2117 1712 2161 dictam
1743 2125 1910 2162 terram
1942 2134 2044 2162 cum

234 2187 521 2244 pertinenciis
554 2188 725 2243 prefato
762 2188 942 2231 domino
981 2187 1173 2231 Iohanni
1207 2193 1250 2230 et
1285 2187 1378 2230 suis
1414 2188 1747 2232 successoribus
1780 2204 1859 2245 per
1890 2204 2047 2233 omnes

233 2266 374 2301 terras
406 2264 449 2300 et
483 2257 791 2312 possessiones
823 2264 1001 2301 nostras
1037 2264 1193 2301 contra
1230 2272 1387 2301 omnes
1419 2258 1633 2301 mortales
1664 2259 2045 2303 varantizabimus

233 2327 590 2383 acquietabimus
617 2333 660 2371 et
694 2329 1032 2384 Imperpetuum
1065 2328 1355 2371 defendemus
1388 2327 1689 2383 Infringentes
1719 2328 1862 2384 Igitur
1892 2335 1968 2373 aut
2002 2329 2046 2371 in

235 2397 384 2452 aliquo
406 2396 644 2452 infringere
666 2404 958 2453 procurantes
980 2398 1097 2441 hanc
1120 2412 1270 2440 meum
1292 2396 1601 2440 fundationem
1625 2398 1913 2442 donationem
1932 2400 2046 2442 Con-

235 2465 483 2509 cessionem
506 2473 550 2509 et
572 2466 816 2510 elemosine
837 2467 1224 2510 confirmationem
1249 2466 1612 2522 Indignationem
1635 2467 1704 2510 dei
1727 2468 2049 2525 omnipotentis

236 2543 279 2579 et
305 2538 577 2580 Intemerate
600 2537 799 2581 eiusdem
822 2538 1051 2593 genitricis
1074 2537 1212 2581 marie
1235 2537 1524 2593 omniumque
1543 2537 1789 2581 Celestium
1812 2538 1977 2582 ciuium
2001 2554 2048 2582 se

237 2607 443 2650 nouerint
461 2608 723 2651 Incessuros
741 2610 806 2651 IN
826 2610 1021 2652 CUIUS
1038 2607 1121 2651 Rei
1135 2607 1444 2651 testimonium
1464 2607 1671 2663 Sigillum
1689 2623 1838 2651 meum
1856 2623 2047 2652 vnacum

238 2676 384 2732 sigillo
406 2677 679 2721 honorabilis
700 2678 782 2721 viri
811 2678 1028 2722 Iohannis
1052 2677 1279 2722 Collisone
1300 2677 1431 2721 vnius
1457 2677 1723 2721 balliuorum
1747 2679 1800 2721 de
1817 2679 2049 2722 Aberdene

238 2755 281 2792 et
311 2748 480 2792 datoris
508 2749 656 2793 sasine
686 2751 967 2806 presentibus
996 2757 1099 2794 sunt
1129 2751 1259 2793 affixa
1291 2751 1392 2793 Iure
1413 2764 1516 2793 vero
1539 2756 1803 2806 patronatus
1825 2750 1942 2794 dicte
1965 2752 2048 2794 Ca-

239 2818 430 2874 pellanie
448 2818 584 2861 michi
602 2825 645 2862 et
668 2819 905 2863 heredibus
927 2819 1040 2863 meis
1061 2825 1289 2862 reseruato
1312 2818 1471 2874 quibus
1493 2817 1803 2862 deficientibus
1825 2817 2049 2874 preposito

240 2895 283 2931 et
326 2889 597 2933 Consulibus
633 2891 686 2933 de
722 2891 953 2934 Aberdene
994 2889 1312 2946 perpetualiter
1347 2895 1607 2932 remanente
1644 2890 1704 2931 Et
1742 2889 1797 2931 ad
1835 2887 2047 2931 maiorem

241 2960 558 3014 premissorum
588 2961 861 3004 euidentiam
891 2962 994 3005 huic
1023 2961 1217 3017 presenti
1247 2962 1381 3004 Carte
1402 2959 1678 3003 fundationis
1707 2973 1803 3002 mee
1828 2959 2050 3002 manualis

1127 3031 1156 3061 T
