2524 3418
822 324 1037 367 Fundacio
1068 326 1228 382 dominj
1258 327 1424 368 Andree
1460 326 1622 383 Coupar
2059 344 2137 385 105

329 439 486 496 vigintj
523 439 764 482 solidorum
796 439 964 483 vsualis
996 447 1174 483 monete
1206 441 1350 484 scocie
1383 442 1616 484 annuatim
1649 443 1889 487 leuandum
1922 447 1975 489 de
2008 448 2140 490 domo

331 525 431 553 mea
468 510 562 553 siue
597 516 714 552 terra
756 509 979 565 superiore
1011 516 1053 553 et
1087 510 1330 553 subteriore
1367 512 1548 554 Iacente
1581 512 1789 567 contigue
1821 513 1936 557 inter
1975 521 2138 558 terram

332 587 614 635 prenotatam
659 580 874 623 Iohannis
916 581 1026 623 lowe
1068 596 1120 623 ex
1162 581 1347 624 australi
1389 588 1432 624 et
1474 597 1736 625 communes
1771 583 1867 626 vias
1908 585 2053 640 regias
2089 601 2141 628 ex

331 651 496 694 boreali
518 657 561 692 et
584 650 787 692 orientali
813 649 1014 705 partibus
1036 650 1080 692 in
1103 650 1344 705 specialem
1366 658 1603 694 varantum
1636 651 1742 695 dicti
1774 654 1909 708 annuj
1943 655 2141 697 redditus

331 720 488 776 prioris
511 735 618 762 casu
640 734 726 774 quo
755 719 991 774 contigerit
1025 722 1213 763 eandem
1243 727 1408 763 terram
1441 728 1642 764 nostram
1675 723 2025 779 distringebilem
2048 725 2139 767 fore

331 805 410 847 pro
451 789 678 833 solucione
715 789 850 844 annuj
894 789 1094 832 redditus
1135 790 1341 844 prelibati
1383 791 1755 836 TENENDUM
1798 800 1842 836 et
1883 793 2138 837 habendum

329 868 475 904 totum
512 867 554 903 et
594 861 825 914 Integrum
860 859 1029 902 dictum
1065 875 1263 902 annuum
1300 861 1523 904 redditum
1559 862 1716 918 vigintj
1756 863 1998 906 solidorum
2037 879 2138 907 cum

332 931 424 973 suis
446 929 733 985 pertinenciis
755 929 925 984 prefato
952 930 1185 984 capellano
1213 937 1255 972 et
1283 931 1375 973 suis
1399 932 1742 975 Successoribus
1764 934 2008 989 capellanis
2030 935 2135 990 dictj

331 1000 486 1043 altaris
508 1014 533 1042 a
556 1014 626 1041 me
648 1005 691 1041 et
714 998 952 1041 heredibus
975 999 1087 1041 meis
1109 1000 1162 1042 de
1193 1014 1432 1055 suppremo
1461 1001 1642 1044 domino
1670 1009 1824 1045 nostro
1845 1018 1947 1059 rege
1972 1005 2138 1059 Imper-

330 1076 514 1126 petuum
546 1069 591 1111 in
623 1084 781 1124 puram
814 1074 856 1111 et
889 1075 1151 1124 perpetuam
1184 1070 1465 1113 elimosinam
1500 1073 1613 1115 Cum
1647 1073 1769 1114 omni
1803 1075 1905 1115 Iure
1942 1080 1985 1116 et
2024 1074 2140 1116 Iuris

329 1141 502 1184 clameo
535 1141 600 1182 Ac
634 1154 736 1182 cum
766 1139 974 1181 omnibus
1003 1145 1045 1182 et
1077 1139 1239 1195 singuli
1269 1140 1549 1184 libertatibus
1578 1143 1925 1186 comoditatibus
1953 1150 1996 1186 et
2026 1143 2139 1186 asia-

330 1210 494 1253 mentis
537 1225 588 1252 ac
635 1209 773 1252 Iustis
820 1210 912 1252 suis
959 1210 1246 1265 pertinenciis
1292 1211 1630 1267 quibuscunque
1673 1215 1846 1257 ADEO
1895 1216 2139 1257 LIBERE

329 1279 526 1335 plenarie
559 1280 738 1333 Integre
770 1278 1012 1321 honorifice
1049 1280 1160 1322 bene
1193 1286 1236 1322 et
1269 1280 1314 1322 in
1347 1296 1456 1336 pace
1488 1281 1533 1323 in
1566 1282 1773 1326 omnibus
1804 1290 1847 1326 et
1880 1299 1958 1339 per
1990 1284 2140 1327 omnia

329 1350 443 1392 sicut
466 1348 627 1403 aliquis
650 1363 827 1391 annuus
851 1349 1050 1391 redditus
1072 1349 1117 1392 in
1141 1350 1381 1405 specialem
1403 1358 1641 1395 varantum
1668 1352 1852 1396 alterius
1880 1354 2014 1409 annuj
2046 1355 2140 1397 red-

328 1419 448 1462 ditus
476 1418 663 1462 ecclesie
685 1420 817 1461 datur
837 1419 1098 1462 conceditur
1119 1427 1196 1463 aut
1219 1421 1472 1476 possidetur
1494 1422 1588 1465 sine
1614 1423 1906 1466 reuocacione
1927 1425 2140 1468 reclama-

328 1489 455 1532 cione
492 1495 568 1532 aut
610 1488 962 1532 contradictione
999 1490 1182 1544 aliquali
1220 1491 1305 1547 mej
1350 1492 1564 1535 heredum
1600 1508 1800 1536 meorum
1838 1501 1914 1537 aut
1952 1495 2139 1539 aliorum

328 1573 695 1614 quorumcunque
728 1560 1207 1604 CELEBRANDUS
1245 1561 1480 1605 annuatim
1518 1562 1664 1606 dictus
1699 1564 1958 1619 capellanus
1994 1571 2038 1608 et
2072 1565 2140 1608 sui

329 1630 621 1672 Successores
642 1644 720 1684 pro
743 1630 887 1672 salute
909 1630 1069 1673 Anime
1092 1646 1189 1673 mee
1211 1638 1255 1674 et
1277 1632 1529 1675 animarum
1547 1634 1846 1688 predictarum
1870 1650 1921 1678 ac
1939 1635 2139 1678 omnium

327 1699 526 1742 fidelium
544 1699 854 1742 defunctorum
873 1700 1042 1744 Diuina
1066 1701 1276 1757 suffragia
1299 1704 1354 1745 ad
1372 1704 1592 1758 prefatum
1611 1705 1752 1747 altare
1769 1720 1847 1760 pro
1864 1706 2141 1749 dimidietate

328 1768 584 1811 huiusmodi
625 1769 760 1824 annuj
804 1769 1004 1812 redditus
1046 1771 1107 1812 Et
1153 1785 1232 1825 pro
1275 1772 1416 1815 altera
1462 1773 1739 1819 dimidietate
1785 1775 2139 1818 anniuersarium

329 1853 478 1882 meum
501 1839 723 1882 celebrare
747 1840 880 1882 faciet
909 1840 954 1881 in
986 1840 1105 1884 hunc
1135 1843 1317 1884 modum
1347 1842 1554 1886 videlicet
1587 1859 1824 1899 preconem
1855 1860 2140 1889 communem

327 1923 404 1964 per
434 1915 579 1951 totum
617 1910 805 1964 burgum
843 1909 1077 1952 circumire
1108 1910 1241 1953 faciet
1275 1912 1508 1956 annuatim
1541 1913 1585 1955 in
1618 1914 1819 1969 proximo
1851 1916 2008 1958 sabato
2039 1924 2139 1971 post

327 1980 560 2021 decessum
583 1993 733 2021 meum
761 1980 826 2021 Ac
857 1993 992 2022 Vnam
1021 1980 1207 2023 missam
1237 1983 1290 2024 de
1319 1989 1426 2026 nota
1459 1983 1504 2025 in
1533 1984 1757 2028 dominica
1791 1985 1893 2028 inde
1926 1994 2138 2041 sequente

327 2063 404 2104 per
425 2048 659 2091 duodecim
688 2050 945 2104 capellanos
973 2051 1170 2094 seniores
1198 2051 1305 2095 dicti
1332 2053 1454 2095 chori
1483 2055 1729 2098 Annuatim
1753 2056 1975 2100 celebrare
2005 2058 2137 2100 faciet

327 2134 430 2162 cum
452 2118 612 2161 ceteris
633 2119 783 2161 missis
811 2119 999 2174 priuatis
1025 2135 1102 2176 per
1125 2136 1281 2164 omnes
1313 2124 1570 2178 capellanos
1601 2125 1724 2167 chori
1756 2140 1834 2181 per
1864 2127 2136 2170 ebdomitam

327 2188 429 2230 inde
480 2194 741 2243 sequentem
786 2188 1011 2232 Tabulam
1060 2204 1193 2245 super
1233 2192 1560 2237 monimentum
1603 2209 1752 2237 meum
1794 2194 1958 2238 locabit
2011 2197 2136 2239 Idem

327 2258 462 2313 pallio
494 2258 669 2301 decenti
701 2259 924 2314 cooperiet
957 2266 1000 2302 et
1034 2260 1274 2304 luminaria
1304 2263 1492 2318 reperiet
1525 2263 1714 2319 singulis
1751 2266 1880 2308 annis
1911 2267 2136 2322 perpetuis

325 2327 486 2371 futuris
507 2343 585 2384 pro
608 2329 752 2372 salute
773 2329 934 2372 Anime
964 2345 1061 2374 mee
1090 2338 1133 2374 et
1163 2333 1414 2376 animarum
1443 2335 1664 2378 dictarum
1687 2336 1887 2379 Tantum
1913 2352 1991 2393 pro
2014 2338 2134 2380 omni

328 2398 415 2441 alio
451 2399 639 2442 seruicio
676 2401 864 2456 secularj
904 2401 1142 2444 exaccione
1181 2418 1258 2446 seu
1293 2405 1515 2449 demanda
1547 2421 1631 2461 que
1661 2408 1714 2450 de
1749 2407 1949 2462 predicto
1986 2422 2134 2451 annuo

327 2467 501 2510 redditu
523 2484 625 2511 cum
651 2470 938 2525 pertinenciis
964 2472 1218 2526 aliqualiter
1245 2474 1359 2529 exigi
1388 2476 1550 2530 poterit
1573 2483 1650 2519 aut
1675 2477 1857 2533 Requirj
1885 2479 2134 2521 Reseruato

326 2543 479 2580 tamen
501 2538 637 2582 libero
658 2546 916 2584 tenemento
939 2541 1137 2585 eiusdem
1167 2543 1303 2586 michi
1332 2560 1410 2600 pro
1432 2552 1528 2588 toto
1554 2552 1754 2602 tempore
1781 2547 1871 2589 vite
1893 2563 1989 2590 mee
2014 2549 2073 2591 Et
2097 2548 2133 2590 si

327 2607 561 2662 contigerit
597 2609 765 2653 dictum
801 2611 1084 2666 capellanum
1118 2614 1274 2656 altaris
1311 2616 1454 2671 sanctj
1493 2617 1673 2672 martinj
1713 2617 1786 2672 qui
1823 2632 1901 2673 pro
1933 2624 2133 2674 tempore

326 2677 456 2720 fuerit
479 2679 664 2722 deficere
687 2695 713 2723 a
734 2681 964 2736 premissis
982 2689 1059 2726 aut
1082 2684 1232 2739 aliquo
1249 2686 1567 2740 premissorum
1587 2688 1718 2732 Circa
1741 2687 1909 2730 dictum
1927 2688 2131 2731 anniuer-

327 2747 493 2790 sarium
527 2754 634 2792 tunc
663 2750 811 2794 licebit
841 2753 1085 2807 capellanis
1120 2754 1227 2797 dicti
1263 2756 1386 2798 chori
1414 2763 1560 2800 totum
1589 2763 1633 2801 et
1668 2759 1898 2813 Integrum
1932 2773 2130 2801 annuum

325 2817 546 2861 redditum
572 2820 838 2874 prelibatum
863 2823 1020 2880 vigintj
1057 2825 1299 2869 solidorum
1335 2829 1390 2871 ad
1424 2843 1584 2872 manus
1621 2845 1727 2872 suas
1754 2830 1955 2884 proprias
1983 2830 2131 2873 leuare

326 2887 409 2930 hoc
432 2902 550 2931 anno
572 2895 617 2932 et
637 2891 993 2936 anniuersarium
1023 2909 1172 2939 meum
1201 2903 1248 2939 vt
1277 2897 1551 2952 premittitur
1578 2899 1799 2942 celebrare
1828 2906 1871 2942 et
1901 2914 2024 2942 orare
2052 2915 2130 2955 pro

326 2956 470 3000 salute
493 2958 640 3002 anime
663 2975 760 3004 mee
782 2968 825 3005 et
851 2963 1102 3008 animarum
1135 2966 1436 3021 predictarum
1472 2970 1661 3024 Insuper
1692 2969 1864 3013 licitum
1888 2970 2021 3026 michj
2047 2971 2129 3013 erit

1209 3036 1237 3068 Ο

2169 802 2227 835 fol.
2241 801 2297 836 41²³
