2524 3418
494 308 575 349 254
734 297 941 339 Statutum
975 298 1020 338 de
1051 298 1352 352 capellanorum
1382 299 1569 340 absencia
1600 314 1626 341 a
1657 300 1785 342 variis
1815 301 2049 343 ceremoniis

493 411 824 454 contradicente
858 427 934 467 pro
968 427 1013 453 se
1044 418 1086 453 et
1120 411 1212 453 suis
1244 413 1574 455 successoribus
1601 415 1935 469 Imperpetuum
1958 417 2286 459 obseruandum

491 488 742 523 statuerunt
775 483 890 535 quod
923 489 1181 535 procurator
1212 481 1285 536 qui
1318 497 1395 536 pro
1427 490 1626 537 tempore
1656 483 1786 526 fuerit
1818 485 1986 527 electus
2017 492 2060 527 et
2093 486 2158 540 suj
2190 500 2286 528 suc-

491 564 688 592 cessores
719 551 963 605 deligenter
995 550 1193 605 singulos
1226 551 1433 593 absentes
1464 553 1519 594 ab
1551 553 1747 607 exequiis
1779 554 2087 596 defunctorum
2119 561 2212 597 tam
2241 554 2286 597 in

489 620 650 674 vigiliis
687 635 819 674 quam
853 620 1002 662 missis
1033 628 1075 662 et
1109 620 1267 662 ceteris
1303 621 1451 664 missis
1483 622 1823 676 particularibus
1858 623 2176 666 ebdomidatim
2208 638 2287 678 pro

489 689 822 732 fundationibus
863 690 1138 732 celebrandis
1179 697 1390 732 notentur
1425 697 1468 732 et
1504 691 1549 732 in
1584 691 1761 746 scriptis
1796 692 2054 747 redigantur
2089 699 2132 734 et
2169 693 2286 747 quod

490 759 671 812 quilibet
695 758 946 801 absentium
966 773 991 800 a
1007 758 1170 813 vigiliis
1187 766 1462 802 mortuorum
1480 775 1558 814 pro
1575 775 1689 815 pena
1707 762 1850 804 soluet
1873 769 2062 816 quatuor
2082 762 2286 805 denarios

489 897 626 939 missa
658 898 913 952 particularj
948 899 1134 940 totidem
1167 906 1209 941 et
1242 899 1325 941 hoc
1362 900 1482 941 omni
1516 901 1690 943 seclusa
1727 903 2011 944 excusatione
2047 903 2132 944 nisi
2168 902 2286 944 infir-

489 967 644 1009 mitate
673 976 750 1009 aut
777 967 1130 1022 peregrinatione
1162 968 1430 1023 impediatur
1461 976 1537 1011 aut
1570 970 1862 1012 sufficientem
1896 971 2137 1013 choristam
2160 978 2285 1014 extra

488 1037 660 1091 collegij
686 1051 920 1080 numerum
944 1053 1023 1080 suo
1046 1039 1142 1081 loco
1165 1040 1328 1081 habeat
1352 1041 1411 1082 Et
1435 1040 1518 1082 hoc
1537 1042 1597 1082 Et
1616 1041 1686 1095 quj
1708 1041 1920 1084 defecturi
1942 1042 2055 1084 tales
2074 1043 2126 1084 In
2144 1041 2284 1084 mani-

488 1107 569 1148 bus
601 1107 850 1149 collectoris
872 1122 1009 1162 vsque
1035 1110 1091 1150 ad
1123 1117 1383 1163 computum
1416 1118 1649 1152 seruentur
1681 1117 1757 1153 aut
1790 1126 1922 1166 super
1953 1111 2126 1154 edificia
2147 1126 2199 1154 ac
2220 1126 2285 1153 re-

487 1176 740 1229 parationes
761 1178 1066 1219 communium
1089 1180 1321 1221 domorum
1344 1180 1532 1222 fideliter
1553 1181 1847 1235 disponantur
1868 1189 1997 1236 prout
2019 1183 2285 1236 respondere

486 1243 672 1285 voluerit
696 1258 845 1286 coram
879 1247 960 1287 deo
992 1254 1034 1288 et
1067 1246 1176 1301 ipsis
1201 1248 1262 1289 Et
1285 1248 1368 1290 hoc
1391 1248 1717 1304 imperpetuum
1739 1250 1830 1292 fore
1852 1252 2179 1293 obseruandum
2202 1251 2284 1294 sub

488 1311 580 1353 suis
603 1312 1001 1366 subscriptionibus
1031 1313 1379 1357 irreuocabiliter
1410 1317 1700 1359 decreuerunt
1734 1318 1876 1372 Super
1897 1318 2057 1373 quibus
2078 1318 2285 1361 omnibus

487 1386 529 1420 et
568 1379 755 1434 singulis
791 1395 816 1422 a
853 1395 923 1422 me
960 1382 1134 1424 notario
1175 1383 1258 1425 hoc
1302 1384 1516 1438 scriptum
1559 1386 1640 1427 sub
1684 1387 1974 1441 Instrumentj
2012 1387 2154 1429 forma
2190 1387 2283 1429 fieri

487 1447 714 1502 pecierunt
737 1450 851 1490 Acta
873 1449 991 1490 enim
1018 1458 1144 1492 erant
1177 1451 1259 1493 hec
1291 1452 1447 1494 horam
1481 1453 1598 1495 eirca
1631 1460 1837 1496 octauam
1861 1462 1964 1497 ante
1987 1455 2216 1498 meridiem
2237 1455 2283 1497 in

487 1515 681 1570 capitulo
713 1516 899 1558 ecclesie
922 1517 1011 1571 diuj
1036 1518 1245 1573 nicholaij
1271 1520 1418 1575 oppidj
1451 1521 1659 1563 abirdene
1690 1523 1820 1565 Anno
1852 1523 1921 1565 die
1953 1538 2106 1566 mense
2139 1524 2284 1567 Indic-

486 1584 606 1626 tione
628 1592 672 1627 et
689 1585 953 1640 pontificatu
975 1586 1134 1640 quibus
1152 1602 1284 1642 supra

718 1722 934 1776 Magister
955 1723 1213 1767 Willelmus
1234 1725 1490 1780 philipsoun
1513 1728 1569 1769 ad
1590 1727 1672 1769 hec
1694 1742 1830 1771 manu
1851 1729 2028 1784 propria

715 1791 922 1834 dominus
946 1793 1172 1836 Iohannes
1193 1809 1373 1850 murray
1394 1797 1450 1838 ad
1473 1796 1554 1838 hec
1577 1811 1713 1839 manu
1735 1798 1912 1853 propria

716 1861 928 1916 magister
948 1864 1150 1907 robertus
1173 1880 1360 1908 masoun
1384 1881 1520 1909 manu
1542 1868 1718 1923 propria

717 1930 943 1973 Iohannes
964 1931 1050 1986 fyfe
1073 1947 1209 1976 manu
1231 1934 1408 1989 propria

714 1998 894 2042 thomas
916 2001 1062 2055 bynne
1085 2016 1221 2044 manu
1243 2002 1420 2058 propria

714 2066 921 2110 dominus
945 2069 1170 2112 Iohannes
1192 2085 1289 2113 mar
1310 2085 1446 2113 manu
1463 2071 1640 2127 propria

716 2138 786 2179 Ita
808 2144 874 2180 est
898 2138 1111 2194 magister
1132 2140 1265 2183 dauid
1289 2141 1483 2184 menzeis
1505 2142 1708 2185 notarius
1729 2142 1934 2198 publicus
1948 2157 2084 2186 manu
2105 2143 2282 2200 propria

713 2206 920 2248 dominus
942 2208 1075 2250 dauid
1096 2223 1246 2251 wauss
1268 2224 1403 2252 manu
1426 2210 1602 2265 propria

712 2274 986 2318 XVilhelmus
1009 2291 1171 2332 couper
1193 2292 1328 2320 manu
1351 2278 1527 2333 propria

713 2342 921 2386 dominus
943 2345 1131 2387 andreas
1154 2360 1327 2400 cowper
1348 2361 1484 2388 manu
1505 2346 1682 2402 propria

713 2411 919 2454 dominus
943 2413 1168 2455 Iohannes
1189 2428 1336 2456 wauss
1359 2429 1496 2456 manu
1516 2415 1692 2470 propria

712 2479 919 2522 dominus
942 2480 1074 2523 dauid
1097 2481 1178 2524 leis
1200 2496 1335 2524 manu
1358 2483 1534 2538 propria

712 2550 919 2593 dominus
944 2552 1168 2595 Iohannes
1191 2554 1398 2608 Cumyng
1419 2568 1555 2596 manu
1577 2553 1754 2609 propria

1060 2691 1086 2732 I
1089 2706 1114 2732 n
1127 2691 1236 2745 folio
1261 2692 1364 2734 1021
1385 2692 1494 2734 nihil
1513 2693 1707 2748 scriptum
