2524 3418
473 314 523 354 52
922 301 1053 341 Carta
1087 298 1234 339 Thome
1265 297 1312 337 de
1344 297 1521 338 camera
1551 296 1598 337 de
1631 296 1820 336 murtltile

590 417 701 457 Item
740 429 815 456 sex
849 413 1014 455 solidos
1055 414 1107 454 de
1150 418 1265 453 terra
1306 409 1466 464 robertj
1512 411 1726 464 kennerty
1760 411 1940 452 Iacente
1983 409 2025 451 in
2074 410 2277 453 inferiore

470 484 566 526 vico
608 483 792 525 ecclesie
834 497 885 524 ex
928 481 1080 524 boriali
1119 487 1242 534 parte
1279 479 1476 521 eiusdem
1512 478 1625 520 inter
1661 486 1823 521 terram
1857 481 2080 533 quondam
2127 480 2274 535 Iacobj

472 556 687 608 kennerty
718 568 770 595 ex
806 551 1069 595 occidentali
1103 557 1227 604 parte
1260 556 1302 591 et
1336 556 1498 591 terram
1531 550 1693 591 andree
1732 550 1913 591 Straton
1945 563 2098 591 versus
2129 549 2274 591 oriens

475 624 614 679 Regia
632 624 701 666 via
718 637 872 665 versus
894 629 1094 664 austrum
1119 634 1219 662 cum
1243 619 1388 662 ortulo
1411 620 1590 661 boream
1613 633 1768 661 versus
1791 620 1932 661 Istam
1954 625 2119 661 terram
2142 619 2275 661 habet

473 709 524 737 ex
557 694 770 749 magistro
802 692 935 736 dauid
969 705 1148 734 menzes
1183 697 1290 732 tunc
1328 690 1559 744 capellano
1596 703 1697 732 cum
1733 696 2020 744 patronorum
2055 702 2275 731 consensu

474 772 603 820 prout
626 779 703 806 sue
725 761 953 806 euidencie
975 763 1164 816 desuper
1186 760 1386 803 confecte
1409 755 1490 802 sub
1512 758 1738 802 communi
1761 758 1906 814 sigillo
1928 759 2169 802 ostendunt

1261 945 1484 987 XXVIII.

176 1030 317 1064 ἰσων
600 1041 846 1084 MNIBUS
878 1040 993 1083 hanc
1026 1040 1209 1083 Cartam
1232 1038 1393 1081 visuris
1420 1038 1489 1081 vel
1521 1036 1740 1081 audituris
1771 1037 1972 1081 Thomas
2003 1038 2056 1080 de
2088 1038 2279 1081 Camera

180 1132 284 1163 Sanct
301 1131 431 1163 kather-
654 1112 707 1154 de
740 1109 950 1152 murthile
976 1116 1018 1152 et
1046 1108 1279 1164 burgensis
1307 1110 1360 1151 de
1389 1108 1597 1151 abirdene
1619 1108 1809 1151 salutem
1835 1109 1886 1150 In
1909 1107 2089 1150 domino
2118 1106 2277 1162 sempi-

179 1175 267 1224 ipgis
285 1175 401 1249 fgmda-
475 1188 648 1222 ternam
673 1179 900 1222 Noueritis
923 1193 993 1221 me
1015 1193 1094 1233 pro
1127 1178 1270 1220 salute
1302 1177 1449 1220 anime
1481 1192 1578 1220 mee
1600 1183 1643 1219 et
1667 1177 1890 1220 Elizibeth
1913 1192 2074 1232 sponse
2096 1191 2192 1219 mee
2214 1177 2279 1218 Ac

177 1224 331 1293 ξιιῗέιῗηεῗ
345 1262 384 1294 of
476 1264 554 1304 pro
573 1249 716 1292 salute
738 1248 990 1292 animarum
1009 1247 1149 1303 patris
1171 1254 1213 1290 et
1237 1246 1394 1290 matris
1417 1261 1514 1289 mee
1536 1253 1870 1289 antecessorum
1893 1253 1935 1290 et
1959 1248 2278 1290 Successorum

176 1305 326 1336 murthm
477 1333 676 1362 meorum
720 1319 779 1361 Et
817 1317 1046 1373 signanter
1082 1332 1160 1372 pro
1197 1316 1433 1360 animabus
1476 1316 1660 1359 Illorum
1702 1316 1902 1359 omnium
1939 1331 2127 1372 quorum
2164 1317 2279 1360 bona

478 1389 599 1430 Iuste
621 1388 689 1430 vel
716 1387 880 1430 iniuste
912 1386 1046 1430 habui
1079 1401 1157 1428 seu
1189 1387 1378 1441 adeptus
1408 1384 1470 1428 fui
1502 1385 1676 1428 dedisse
1699 1385 1973 1428 concessisse
2004 1399 2056 1428 ac
2085 1384 2279 1440 presenti

474 1465 598 1500 carta
635 1471 734 1500 mea
771 1471 849 1512 pro
886 1471 957 1499 me
994 1463 1036 1499 et
1073 1455 1309 1499 heredibus
1346 1455 1457 1498 meis
1493 1455 1783 1498 confirmasse
1826 1457 2161 1511 Imperpetuum
2198 1456 2280 1498 deo

473 1526 767 1582 omnipotentj
793 1528 921 1569 beate
942 1525 1099 1581 virginj
1135 1525 1274 1568 marie
1295 1531 1338 1568 et
1361 1524 1568 1568 omnibus
1600 1525 1768 1568 sanctis
1800 1525 1892 1568 suis
1915 1526 1975 1568 Et
1997 1525 2126 1580 altarj
2152 1526 2280 1569 beate

473 1597 703 1640 ketherine
733 1596 918 1651 virginis
953 1595 998 1638 in
1035 1595 1223 1638 ecclesia
1259 1595 1377 1639 beati
1413 1594 1622 1650 nicholaij
1662 1596 1715 1638 de
1745 1594 1967 1638 Abirdene
2003 1594 2169 1638 situato
2203 1593 2277 1648 vnj

471 1667 715 1722 Capellano
758 1666 929 1709 Ibidem
971 1672 1229 1721 presentato
1270 1667 1326 1709 ad
1368 1665 1682 1709 celebrandum
1720 1680 1799 1720 pro
1835 1671 2049 1720 perpetuo
2089 1670 2280 1719 quatuor

472 1750 647 1779 marcas
667 1736 836 1779 vsualis
868 1742 1045 1778 monete
1076 1735 1219 1791 Regnj
1245 1735 1390 1778 scocie
1412 1735 1628 1778 leuandas
1650 1734 1883 1778 annuatim
1906 1741 1949 1777 et
1972 1733 2280 1790 percipiendas

471 1807 526 1848 ad
555 1805 770 1848 terminos
798 1805 904 1848 anni
932 1805 1111 1848 vsuales
1139 1804 1535 1860 proporcionaliter
1564 1803 1851 1847 medietatem
1879 1803 2084 1846 videlicet
2113 1804 2170 1846 ad
2197 1802 2280 1846 fes-

471 1883 566 1918 tum
590 1875 862 1931 penticostes
884 1882 927 1918 et
950 1875 1084 1918 aliam
1112 1875 1400 1918 medietatem
1423 1876 1478 1917 ad
1500 1875 1663 1917 festum
1697 1873 1842 1917 sancti
1864 1873 2044 1916 martini
2075 1873 2121 1915 in
2150 1887 2280 1929 yeme

471 1947 524 1988 de
565 1945 834 1988 tenementis
876 1945 1040 1989 Croftis
1082 1952 1125 1987 et
1167 1945 1328 1988 annuis
1367 1944 1633 1987 Redditibus
1675 1943 1978 1999 Infrascriptis
2019 1941 2188 1986 scilicet
2226 1943 2280 1985 de

473 2015 699 2058 montibus
720 2015 945 2058 furcarum
977 2015 1205 2058 trisdecim
1238 2015 1404 2058 solidos
1435 2021 1478 2058 et
1511 2022 1701 2070 quatuor
1732 2014 1938 2058 denarios
1966 2015 2027 2057 Et
2049 2015 2103 2057 de
2124 2012 2282 2057 duobis

472 2084 742 2128 tenementis
782 2085 1003 2129 Willelmi
1055 2086 1223 2141 mathej
1275 2085 1532 2129 Iacentibus
1573 2085 1618 2127 in
1658 2085 1756 2128 vico
1795 2085 2020 2128 furcarum
2062 2098 2115 2127 ex
2155 2089 2281 2139 parte

473 2154 677 2197 orientali
729 2154 926 2197 eiusdem
967 2154 1051 2210 vicj
1106 2155 1222 2197 inter
1266 2161 1433 2198 terram
1481 2154 1664 2210 Cristinj
1723 2156 1776 2197 de
1831 2155 2004 2210 kynnor
2053 2168 2106 2196 ex
2155 2159 2282 2208 parte

475 2223 640 2266 boreali
677 2230 720 2265 et
757 2230 922 2266 terram
958 2225 1182 2278 quondam
1220 2223 1439 2267 Willelmi
1476 2224 1623 2279 gowill
1660 2238 1713 2266 ex
1749 2229 1875 2278 parte
1910 2221 2096 2266 australi
2137 2221 2280 2264 decim

476 2292 641 2335 solidos
671 2294 731 2335 Et
755 2294 808 2335 de
830 2293 1101 2336 tenementis
1123 2293 1343 2337 Willelmi
1376 2293 1557 2336 scherar
1588 2307 1725 2348 prope
1756 2291 1991 2335 ecclesiam
2025 2291 2282 2335 lacentibus

475 2362 519 2404 in
551 2362 649 2405 vico
687 2362 899 2406 Inferiore
936 2363 1122 2406 ecclesie
1157 2362 1273 2406 inter
1305 2365 1416 2406 duas
1446 2363 1542 2407 vias
1573 2362 1719 2418 regias
1749 2369 1843 2405 tarn
1875 2377 1928 2404 ex
1958 2368 2084 2417 parte
2116 2360 2282 2405 boreali

476 2447 610 2487 quam
652 2432 917 2476 occidentali
954 2433 1096 2476 decim
1135 2433 1300 2476 solidos
1338 2434 1398 2476 Et
1435 2434 1489 2476 de
1525 2438 1780 2475 tenemento
1822 2433 1985 2475 Iacobo
2021 2433 2074 2474 de
2110 2431 2282 2476 balfour

477 2502 683 2557 presbitri
717 2504 898 2546 Iacente
931 2502 975 2545 in
1004 2503 1102 2546 vico
1133 2503 1260 2559 viridj
1295 2518 1432 2559 prope
1462 2504 1623 2546 fratres
1654 2502 1976 2545 carmilitarum
2010 2516 2085 2544 sex
2117 2501 2282 2544 solidos

476 2579 519 2614 et
549 2579 649 2614 octo
685 2572 891 2615 denarios
925 2573 985 2615 Et
1023 2574 1076 2616 de
1113 2574 1251 2616 crofto
1288 2575 1405 2628 quod
1440 2579 1626 2616 vocatur
1663 2572 1905 2627 Marycroft
1943 2586 2079 2626 prope
2113 2571 2282 2614 fontem

477 2642 605 2683 beate
656 2641 794 2684 marie
833 2641 1018 2697 virginis
1058 2642 1103 2684 in
1145 2643 1368 2686 territorio
1408 2644 1462 2686 de
1502 2643 1729 2685 denburne
1775 2656 1852 2684 sex
1892 2641 2058 2684 solidos
2097 2647 2141 2683 et
2182 2647 2283 2683 octo

477 2709 682 2752 denarios
714 2711 775 2752 Et
807 2711 860 2753 de
893 2711 1032 2753 crofto
1069 2713 1186 2766 quod
1217 2718 1403 2755 vocatur
1439 2712 1643 2755 celiwerd
1682 2713 1862 2754 Iacente
1893 2710 1937 2752 in
1969 2709 2193 2753 territorio
2228 2711 2282 2752 de

477 2778 516 2820 le
548 2780 775 2822 denburne
806 2779 922 2822 inter
954 2781 1142 2824 croftum
1176 2782 1391 2825 Iohannis
1422 2783 1476 2824 de
1507 2782 1826 2837 kynnynmond
1855 2795 1908 2823 ex
1939 2787 2066 2836 parte
2097 2778 2282 2823 australi

477 2861 529 2888 ex
555 2854 680 2902 parte
701 2862 788 2891 vna
810 2856 852 2891 et
876 2850 1065 2892 croftum
1088 2850 1276 2893 fratrum
1310 2851 1632 2893 carmilitarum
1659 2865 1712 2892 ex
1737 2857 1863 2905 parte
1895 2849 2060 2893 boreali
2082 2863 2135 2892 ex
2156 2855 2281 2904 parte

478 2916 620 2959 altera
660 2932 736 2959 sex
778 2918 942 2961 solidos
984 2926 1026 2961 et
1069 2927 1170 2963 octo
1211 2921 1416 2963 denarios
1457 2921 1739 2963 TENENDUM
1781 2927 1825 2962 et
1867 2920 2120 2962 habendum
2162 2918 2281 2962 dicto
