2524 3418
477 352 558 382 120
734 340 865 382 Carta
886 338 1154 394 fundacionis
1179 343 1256 393 pro
1286 337 1591 379 Anniuersario
1620 335 1804 392 stephani
1834 335 2022 390 Balrony

478 461 583 496 nota
606 469 683 509 pro
707 454 857 496 anima
880 468 979 495 mea
1001 460 1043 495 et
1067 452 1217 494 anima
1241 451 1427 493 mariote
1446 465 1606 505 sponse
1625 464 1722 492 mee
1744 449 2022 504 proliumque
2045 454 2087 490 et
2105 461 2278 490 succes·

478 538 625 565 sorum
660 530 911 564 nostrorum
945 535 995 563 ac
1028 520 1227 562 omnium
1261 518 1457 561 fidelium
1485 519 1793 560 defunctorum
1823 517 2021 559 Tantum
2052 529 2130 571 pro
2158 515 2280 557 omni

476 591 563 634 alio
593 591 779 632 seruicio
809 588 997 631 seculari
1027 587 1257 630 exactione
1286 587 1357 629 uel
1387 587 1608 628 demanda
1637 600 1720 640 que
1743 587 1795 628 de
1818 585 1948 627 dictis
1976 584 2280 627 anniuersario

476 659 632 713 viginti
657 659 896 700 solidorum
930 663 972 698 et
1005 670 1154 698 annuo
1186 655 1359 697 redditu
1392 669 1468 696 sex
1500 654 1740 696 solidorum
1765 668 1866 696 cum
1890 651 2176 708 pertinenciis
2204 651 2280 694 ali-

478 726 667 781 qualiter
688 725 800 780 exigi
824 724 985 779 poterit
1008 731 1084 766 aut
1107 723 1268 777 requiri
1290 725 1354 765 Ac
1377 722 1519 764 eciam
1536 722 1636 764 volo
1659 728 1701 764 et
1724 722 1919 764 concedo
1937 722 2053 775 quod
2075 719 2282 763 dominus

479 796 666 837 andreas
697 807 843 835 serass
865 792 1124 847 capellanus
1147 790 1302 834 altaris
1327 791 1455 833 beate
1487 790 1625 833 marie
1648 789 1844 845 Virginis
1867 803 1944 845 pro
1965 795 2061 831 toto
2082 794 2282 842 tempore

479 863 565 904 vite
593 876 670 904 sue
703 862 864 903 habeat
897 866 1166 915 potestatem
1193 858 1486 902 distribuendi
1514 858 1683 901 dictum
1714 857 2069 900 anniuersarium
2101 855 2284 911 prefatis

480 929 723 984 capellanis
740 935 786 970 vt
809 928 1112 983 principaliter
1129 927 1326 982 ipsorum
1350 927 1510 968 melius
1527 925 1898 968 conuenientibus
1915 924 2284 967 interessentibus

479 1004 521 1039 et
551 997 760 1039 continue
785 996 1083 1039 residentibus
1106 1010 1207 1038 cum
1230 995 1404 1038 decenti
1431 995 1586 1037 habitu
1608 994 1729 1036 horis
1751 993 1993 1036 maioribus
2015 992 2285 1047 quotidianis

480 1065 524 1107 in
547 1066 666 1108 dicta
688 1065 876 1108 ecclesia
901 1066 960 1107 Et
983 1064 1084 1106 inde
1113 1071 1212 1119 post
1235 1063 1331 1106 eius
1359 1065 1591 1106 decessum
1613 1062 1713 1105 volo
1743 1063 1859 1117 quod
1885 1061 2176 1105 distribuatur
2203 1061 2285 1104 eis-

480 1135 580 1177 dem
613 1133 858 1188 capellanis
890 1147 967 1188 per
998 1132 1298 1188 prouisionem
1319 1131 1464 1174 visum
1491 1138 1534 1174 et
1561 1131 1970 1174 consideracionem
1992 1129 2142 1185 vicarij
2168 1129 2285 1172 dicte

481 1201 667 1244 ecclesie
704 1209 747 1244 et
784 1201 1004 1256 capellani
1036 1200 1190 1243 altaris
1222 1199 1339 1243 beati
1377 1199 1582 1254 stephanj
1623 1199 1822 1242 eiusdem
1859 1198 1933 1253 qui
1970 1213 2048 1254 pro
2084 1205 2285 1253 tempore

480 1270 642 1312 fuerint
665 1269 991 1325 imperpetuum
1016 1270 1076 1311 Et
1099 1283 1180 1323 ego
1201 1282 1304 1310 vero
1327 1268 1525 1323 prefatus
1551 1267 1797 1322 stephanus
1820 1267 2014 1310 Balrone
2035 1273 2078 1309 et
2101 1267 2287 1309 heredes

483 1337 570 1381 mei
593 1345 635 1381 et
659 1338 745 1380 mei
769 1337 986 1392 assignati
1008 1343 1153 1379 totum
1173 1342 1215 1379 et
1233 1336 1455 1391 integrum
1479 1335 1835 1378 anniuersarium
1859 1334 2106 1390 predictum
2128 1333 2286 1390 viginti

483 1407 725 1449 solidorum
749 1413 792 1448 et
816 1420 1014 1448 annuum
1037 1405 1258 1447 redditum
1292 1419 1368 1446 sex
1400 1404 1642 1446 solidorum
1666 1418 1767 1445 cum
1797 1402 2083 1457 pertinenciis
2104 1402 2288 1457 prefatis

483 1474 728 1529 capellanis
760 1481 802 1516 et
837 1473 1168 1516 successoribus
1200 1471 1292 1514 suis
1325 1479 1372 1514 ut
1404 1471 1678 1526 premittitur
1709 1477 1863 1513 contra
1889 1485 2044 1513 omnes
2076 1464 2289 1512 mortales

483 1542 885 1586 varrantizabimus
914 1540 1289 1596 acquiettabimus
1321 1547 1363 1582 et
1396 1540 1723 1594 imperpetuum
1757 1539 2045 1581 defendemus
2079 1540 2132 1581 In
2162 1538 2289 1581 cuius

483 1611 544 1654 rei
579 1610 886 1653 testimonium
924 1610 1028 1652 huic
1057 1608 1251 1664 presenti
1289 1609 1423 1651 Carte
1457 1622 1555 1650 mee
1587 1607 1792 1662 Sigillum
1831 1621 1980 1649 meum
2017 1613 2085 1650 est
2122 1621 2287 1662 appen-

485 1694 583 1722 sum
637 1681 697 1722 Et
739 1680 794 1721 ad
837 1678 1050 1720 maiorem
1099 1677 1232 1719 huius
1283 1676 1344 1731 rej
1398 1675 1676 1718 euidenciam
1729 1674 1935 1729 Sigillum
1986 1673 2159 1729 prouidi
2207 1673 2291 1716 viri

485 1747 712 1791 alexandri
754 1745 986 1789 blendseill
1027 1744 1158 1787 vnius
1202 1744 1469 1787 balliuorum
1521 1743 1627 1786 dicti
1673 1742 1799 1797 burgi
1841 1748 1884 1784 et
1926 1741 2094 1785 datoris
2142 1741 2290 1785 sasine

485 1816 666 1859 domino
707 1815 871 1858 andree
913 1827 1059 1856 serass
1101 1812 1333 1868 capellano
1375 1810 1555 1854 nomine
1599 1817 1642 1853 et
1689 1825 1742 1853 ex
1783 1816 1909 1865 parte
1957 1810 2290 1866 capellanorum

486 1886 757 1941 prefatorum
794 1885 847 1926 de
884 1882 1003 1926 dicto
1044 1880 1351 1925 anniuersario
1387 1886 1431 1922 et
1467 1894 1616 1922 annuo
1652 1878 1827 1922 redditu
1864 1892 1965 1921 cum
2004 1878 2292 1934 pertinenciis

487 1955 649 2011 apponj
701 1953 983 2010 presentibus
1033 1967 1135 1995 cum
1178 1950 1402 1994 instancia
1443 1949 1676 2006 procurauj
1720 1950 1838 2004 apud
1885 1948 2054 1992 dietum
2101 1949 2290 2004 burgum

487 2032 645 2067 octavo
682 2024 752 2067 die
789 2022 956 2065 mensis
998 2020 1151 2075 marcij
1190 2022 1320 2063 Anno
1361 2018 1527 2074 dominj
1572 2017 1810 2060 millesimo
1853 2016 2292 2072 quadringentesimo

487 2091 856 2148 quinquagesimo
897 2096 1055 2145 quarto
1096 2088 1309 2131 Testibus
1350 2088 1557 2130 duncano
1598 2086 1687 2128 clat
1727 2085 1959 2129 Willelmo
2006 2085 2291 2128 eddendeach

488 2161 719 2204 VVillelrno
751 2159 934 2214 cantuly
962 2158 1118 2200 thoma
1152 2158 1205 2199 de
1239 2169 1416 2199 camera
1449 2161 1492 2197 et
1527 2155 1657 2197 adam
1692 2155 1746 2196 de
1782 2153 1956 2195 crafurd
1999 2152 2293 2207 burgensibus

489 2230 595 2273 dicti
627 2229 753 2284 burgi
786 2226 1030 2282 capellanis
1063 2225 1264 2268 Iohanne
1296 2225 1487 2266 modane
1525 2223 1726 2265 Iohanne
1764 2235 1980 2264 murrawe
2012 2227 2055 2263 et
2087 2222 2293 2263 duncano

488 2299 664 2354 yhonde
697 2296 890 2340 dominis
921 2301 964 2337 et
999 2294 1221 2337 malcomo
1252 2293 1388 2336 dakre
1414 2306 1501 2334 vno
1531 2290 1866 2346 sergiandorum
1896 2288 2002 2332 dicti
2031 2289 2156 2344 burgi
2191 2303 2293 2332 cum

491 2366 645 2409 multis
672 2372 715 2408 et
743 2363 931 2408 diuersis
961 2362 1062 2418 alijs

667 2492 766 2534 Hec
798 2495 865 2532 est
897 2502 1002 2531 vera
1034 2485 1162 2542 copia
1193 2483 1452 2541 principalis
1484 2489 1606 2526 carte
1635 2483 1858 2537 quondam
1882 2481 2088 2537 stephanj
2113 2481 2295 2525 balrone

662 2560 846 2602 fundate
878 2558 931 2600 de
962 2555 1092 2598 terris
1124 2561 1167 2597 et
1199 2553 1362 2596 annuis
1392 2551 1638 2595 redditibus
1660 2552 1715 2593 ad
1739 2550 1879 2593 altare
1909 2550 2053 2592 sancti
2084 2549 2292 2606 stephanj

664 2630 776 2672 infra
799 2626 1034 2670 ecclesiam
1058 2623 1358 2680 parochialem
1381 2622 1501 2665 beati
1523 2619 1733 2674 nicholaij
1759 2626 1801 2661 et
1825 2620 2064 2662 concordat
2086 2620 2140 2661 de
2160 2619 2295 2661 verbo

665 2699 709 2742 in
745 2699 928 2741 verbum
967 2711 1068 2739 cum
1106 2710 1186 2738 suo
1228 2693 1432 2748 originali
1468 2706 1546 2747 per
1581 2706 1651 2733 me
1688 2690 1969 2734 Willelmum
2012 2689 2297 2744 philipsoune

665 2767 889 2811 notarium
931 2766 1159 2821 publicum
1207 2763 1384 2818 copiata
1436 2763 1552 2816 quod
1603 2766 1825 2816 protestor
1864 2774 1942 2815 per
1983 2758 2295 2814 cirographum

667 2851 817 2880 meum
841 2835 944 2878 huic
967 2841 1089 2878 carte
1111 2833 1367 2889 appositum
1391 2831 1485 2874 siue
1507 2830 1610 2873 huic
1633 2829 1758 2884 copie
1783 2828 2036 2871 auctentice

544 2684 576 2813 acquae

578 2614 619 2886 tunqdufflonqt)
