2524 3418
766 298 807 339 F
808 297 978 339 nudatio
1010 300 1237 352 margarete
1270 297 1303 339 C
1308 295 1484 351 musurd
1947 307 2028 349 239

223 421 425 457 mentum
461 413 726 469 prelibatum
750 419 882 467 ponet
906 419 948 454 et
971 410 1134 454 locabit
1161 411 1278 453 idem
1301 410 1436 466 pallio
1460 425 1537 453 seu
1567 416 1830 453 ornamento
1853 409 2027 452 decenti

222 485 390 539 operiet
426 483 663 526 luminaria
695 497 822 525 cerea
854 481 1050 523 inueniet
1083 488 1316 534 ceteraque
1351 480 1560 535 suffragia
1582 479 1626 521 in
1654 479 1875 522 consimili
1905 478 2028 521 anni-

224 555 420 596 uersario
464 568 693 609 apponens
729 554 792 595 Ac
828 552 1030 594 faciendo
1072 551 1306 593 sacristam
1349 551 1516 605 prefate
1557 549 1743 592 ecclesie
1786 563 2029 603 campanas

225 624 382 667 solitas
404 631 446 667 et
479 631 718 667 consuetas
739 622 857 665 trina
888 622 983 664 vice
1015 628 1091 664 aut
1124 621 1379 663 huiusmodi
1409 621 1618 675 exequias
1641 634 1692 662 ac
1718 619 1835 661 trina
1859 619 1952 660 vice
1974 619 2029 661 ad

226 709 437 749 magnam
461 694 645 736 missam
670 700 898 736 cantatam
922 692 1099 747 pulsare
1122 698 1169 733 ut
1194 691 1330 733 moris
1360 698 1427 733 est
1459 692 1536 734 AC
1571 690 1918 733 SOLUENDO
1952 703 2030 743 pro

226 764 344 807 dicto
377 764 683 807 anniuersario
715 770 916 818 tempore
949 762 1260 804 celebrationis
1293 761 1578 816 exequiarum
1606 760 1740 802 misse
1773 765 1954 802 cantate
1987 764 2030 800 et

225 834 413 877 aliarum
447 834 686 876 missarum
719 833 964 888 predictam
999 847 1223 874 summam
1255 831 1488 874 annuatim
1522 837 1675 873 curato
1711 836 1754 872 et
1787 828 2031 884 capellanis

225 903 436 958 predictis
474 905 533 946 Et
570 910 670 957 post
709 904 940 944 decessum
980 916 1128 943 meum
1166 900 1284 943 idem
1319 908 1501 943 curatus
1537 907 1580 942 et
1618 899 1837 954 capellani
1874 898 1918 939 in
1960 897 2030 940 die

227 973 374 1016 obitus
406 973 493 1016 mei
524 988 659 1016 vnam
692 973 876 1014 missam
910 973 963 1014 de
990 978 1096 1013 nota
1129 972 1374 1013 cantabunt
1407 978 1449 1012 et
1482 971 1769 1013 celebrabunt
1802 970 1857 1012 ad
1890 969 2030 1011 altare

226 1059 311 1099 quo
335 1059 405 1086 me
428 1043 663 1098 contigerit
687 1043 861 1097 sepeliri
886 1057 986 1084 cum
1014 1041 1173 1083 ceteris
1205 1041 1354 1083 missis
1386 1041 1637 1096 trigentalis
1659 1055 1735 1095 per
1756 1039 2028 1082 ebdomitam

226 1115 327 1157 inde
364 1121 624 1169 sequentem
661 1121 709 1156 ut
748 1113 883 1155 moris
920 1119 987 1154 est
1024 1126 1102 1166 pro
1139 1112 1283 1154 salute
1321 1111 1469 1154 anime
1505 1111 1756 1154 animarum
1794 1116 2028 1165 parentum

226 1199 426 1227 meorum
459 1184 791 1226 benefactorum
825 1197 977 1224 eorum
1011 1196 1037 1224 a
1069 1181 1228 1236 quibus
1263 1181 1412 1235 aliqua
1444 1183 1559 1223 bona
1594 1180 1860 1222 minusiuste
1893 1178 2026 1232 habuj

226 1268 276 1296 ac
314 1254 514 1296 omnium
551 1253 749 1295 fidelium
786 1253 1095 1295 defunctorum
1133 1252 1366 1294 annuatim
1407 1251 1594 1306 singulis
1635 1251 1765 1293 annis
1806 1250 2031 1305 perpetuis

225 1324 448 1365 duraturis
484 1325 548 1365 Ac
585 1323 719 1365 aliam
758 1322 943 1364 missam
982 1323 1228 1364 cantabunt
1270 1329 1313 1363 et
1356 1323 1654 1367 celebrabunt,
1684 1322 1739 1363 ad
1781 1320 2029 1374 predictum

224 1393 364 1435 altare
397 1393 540 1435 sancti
573 1393 791 1435 cristofori
824 1393 868 1434 in
901 1392 1098 1447 predicta
1130 1392 1354 1434 dominica
1386 1399 1486 1446 post
1519 1391 1689 1434 obitum
1722 1390 1862 1444 ipsius
1903 1389 2031 1431 Alex-

224 1462 350 1505 andri
373 1464 475 1505 rede
497 1477 575 1518 pro
600 1463 755 1505 Salute
777 1462 925 1504 anime
949 1477 1026 1504 sue
1049 1461 1301 1504 animarum
1335 1468 1571 1516 parentum
1605 1474 1785 1502 suorum
1809 1459 2031 1501 benefact-

225 1547 350 1575 orum
393 1548 546 1575 eorum
590 1548 615 1575 a
657 1533 817 1587 quibus
859 1532 1008 1587 aliqua
1060 1533 1176 1574 bona
1218 1531 1484 1573 minusiuste
1535 1530 1690 1572 habuit
1737 1544 1787 1572 ac
1830 1528 2030 1570 omnium

224 1602 422 1644 fidelium
445 1603 754 1645 defunctorum
781 1609 959 1645 tantum
993 1617 1070 1657 pro
1103 1602 1223 1644 omni
1257 1602 1344 1644 alio
1377 1601 1564 1644 seruicio
1588 1599 1775 1643 seculari
1799 1599 2029 1641 exactione

226 1673 314 1714 Seu
337 1673 558 1714 demanda
581 1687 664 1726 que
688 1674 739 1714 de
763 1673 960 1727 predicto
983 1687 1132 1714 annuo
1154 1672 1329 1714 redditu
1347 1686 1449 1714 cum
1467 1670 1753 1726 pertinenciis
1776 1669 2030 1724 aliqualiter

226 1741 340 1795 exigi
373 1741 533 1795 poterit
565 1748 642 1783 aut
674 1741 835 1795 requiri
869 1743 928 1783 Et
962 1757 1043 1796 ego
1074 1756 1178 1783 vero
1210 1741 1330 1783 dicta
1364 1742 1620 1795 Margareta
1654 1739 1838 1781 heredes
1871 1737 1957 1779 mei
1987 1744 2030 1779 et

225 1811 443 1865 assignati
474 1817 618 1853 totum
653 1818 695 1854 et
727 1811 949 1866 integrum
983 1826 1182 1854 annuum
1219 1811 1440 1853 redditum
1478 1816 1763 1865 prenotatum
1801 1823 1902 1850 cum
1941 1807 2033 1849 suis

226 1881 512 1936 pertinenciis
572 1881 755 1936 prefatis
816 1888 969 1924 curato
1028 1887 1070 1923 et
1133 1880 1376 1936 capellanis
1431 1895 1482 1922 ac
1548 1879 1640 1922 suis
1702 1876 2034 1921 successoribus

227 1951 396 1993 curatis
456 1959 498 1994 et
551 1952 795 2006 capellanis
856 1952 962 1995 dicti
1015 1952 1137 1995 chori
1190 1952 1234 1993 in
1296 1951 1504 1994 omnibus
1556 1956 1598 1992 et
1646 1963 1723 2004 per
1774 1947 1924 1990 omnia
1985 1953 2033 1989 ut

225 2022 491 2076 premissum
545 2029 611 2065 est
662 2037 740 2077 per
790 2038 946 2065 omnes
996 2030 1138 2065 terras
1190 2038 1241 2065 ac
1292 2021 1598 2077 possessiones
1649 2025 1826 2061 nostras
1877 2023 2034 2059 contra

225 2106 381 2134 omnes
442 2092 654 2133 mortales
724 2091 1104 2134 varantizabimus
1172 2090 1528 2145 acquietabimus
1589 2094 1631 2130 et
1694 2088 2031 2141 Imperpetuum

226 2161 515 2203 defendemus
568 2162 633 2202 IN
690 2161 885 2204 CUIUS
933 2160 994 2202 rei
1036 2160 1345 2202 testimonium
1388 2159 1492 2201 huic
1534 2156 1729 2213 presenti
1772 2162 1893 2197 carte
1936 2168 2032 2195 mee

226 2231 433 2285 Sigillum
457 2246 606 2273 meum
629 2238 672 2273 et
696 2231 891 2286 sigillum
916 2231 1189 2273 honorabilis
1211 2231 1291 2272 viri
1315 2230 1448 2272 dauid
1470 2242 1592 2271 mare
1613 2227 1743 2269 vnius
1766 2225 2032 2268 balliuorum

226 2300 332 2342 dicti
356 2301 481 2355 burgi
502 2315 555 2343 ac
578 2301 747 2343 datoris
773 2301 920 2343 sasine
946 2300 1202 2343 huiusmodi
1235 2299 1371 2342 annui
1403 2299 1602 2341 redditus
1634 2296 1814 2339 domino
1836 2294 2032 2336 villelmo

226 2385 390 2424 couper
411 2371 637 2413 collectori
669 2386 720 2413 ac
753 2371 1056 2426 procuratorio
1085 2371 1265 2413 nomine
1298 2371 1539 2413 eorundem
1572 2368 1905 2422 capellanorum
1929 2371 2032 2406 sunt

226 2454 425 2494 appensa
456 2443 574 2495 apud
611 2443 800 2484 eundem
839 2443 1027 2497 burgum
1065 2448 1225 2484 octauo
1258 2441 1327 2484 die
1361 2440 1528 2482 mensis
1562 2438 1677 2493 Iunij
1714 2451 1830 2480 anno
1863 2434 2029 2488 dominj

228 2509 465 2552 millesimo
498 2511 856 2565 quingentesimo
889 2518 1050 2554 octauo
1084 2513 1248 2554 Coram
1281 2510 1617 2552 honorabilibus
1646 2515 1688 2550 et
1720 2505 1905 2549 famosis
1926 2505 2032 2546 viris

229 2579 392 2621 Iacobo
415 2580 632 2622 collisoun
659 2581 897 2623 alexandro
924 2596 1034 2636 gray
1056 2581 1204 2623 caralo
1237 2580 1479 2622 stewinson
1512 2577 1807 2633 burgensibus
1839 2574 2033 2617 dominis

228 2648 429 2690 Iohanne
467 2649 586 2692 reide
623 2650 782 2692 dauide
819 2651 909 2693 liell
946 2650 1191 2705 capellanis
1234 2651 1494 2692 Normando
1535 2647 1659 2690 leslie
1703 2645 1946 2700 sergeando
1989 2649 2032 2684 et

225 2716 406 2758 domino
432 2717 632 2759 Iohanne
655 2718 888 2774 stirueling
909 2719 1082 2761 notario
1106 2718 1282 2774 publico

2058 485 2116 516 fol.
2135 483 2196 516 952
