2524 3418
634 309 824 351 Venditio
857 313 956 350 terre
987 323 1012 349 a
1036 308 1238 363 preposito
1268 312 1407 348 curato
1438 312 1474 347 et
1504 307 1723 362 capellanis
1991 320 2070 361 251

269 425 549 480 pertinentiis
571 425 907 479 quibuscunque
940 425 995 465 ad
1028 423 1272 477 predictam
1306 430 1469 464 terram
1502 437 1603 464 cum
1637 421 1919 476 pertinentiis
1951 437 2072 476 spec-

267 497 466 538 tantibus
489 511 566 538 seu
592 497 714 537 Iuste
747 502 948 549 spectare
970 494 1236 536 walentibus
1268 493 1598 547 quomodolibet
1631 492 1675 533 in
1707 492 1904 533 futurum
1938 492 2072 533 libere

267 567 414 621 quiete
451 566 646 621 plenarie
682 565 852 619 integre
890 564 1131 606 honorifice
1167 565 1278 606 bene
1316 570 1358 605 et
1395 564 1439 604 in
1477 578 1585 618 pace
1623 562 1717 604 sine
1754 562 2072 616 impedimento

266 636 550 677 reuocatione
582 642 657 677 aut
692 635 923 677 obstaculo
956 634 1293 688 quibuscunque
1329 633 1690 674 REDDENDO
1714 632 1815 673 inde
1838 631 2070 673 annuatim

265 706 462 759 prefatus
485 706 703 747 donaldus
727 705 792 758 suj
818 705 1002 746 heredes
1025 711 1067 745 et
1091 703 1306 758 assignatj
1333 703 1460 744 nobis
1483 709 1525 744 et
1550 701 1881 744 successoribus
1908 701 2071 742 nostris

265 774 508 828 capellanis
531 774 637 816 dicti
670 774 791 828 chorj
827 789 1051 815 summam
1085 775 1237 815 decem
1272 773 1513 814 solidorum
1537 772 1705 814 vsualis
1738 779 1915 813 monete
1947 771 2070 825 regni

264 843 402 884 scotie
439 843 671 885 annuatim
710 844 947 886 leuandam
989 850 1030 885 et
1071 843 1401 897 percipiendam
1435 844 1488 884 de
1525 842 1780 884 huiusmodi
1812 849 1930 884 terra
1968 856 2068 883 cum

263 913 544 966 pertinentiis
567 915 621 955 ad
644 915 755 956 duos
777 914 881 968 annj
901 913 1117 955 terminos
1139 913 1316 955 vsuales
1339 913 1612 967 penticostes
1629 913 1834 954 videlicet
1859 918 1901 953 et
1925 911 2068 953 sancti

263 982 442 1036 martinj
468 982 511 1023 in
535 983 694 1037 hyeme
727 997 803 1037 per
837 983 1036 1036 Equales
1064 983 1289 1037 portiones
1312 983 1491 1024 nomine
1522 983 1766 1024 feodifirme
1793 997 1843 1024 ac
1866 982 2068 1024 faciendo

261 1051 363 1092 inde
381 1051 613 1093 annuatim
638 1066 843 1105 supreme
866 1051 1043 1093 domine
1066 1058 1216 1093 nostre
1238 1052 1387 1106 regine
1406 1058 1448 1093 et
1467 1051 1558 1093 suis
1582 1051 1913 1093 successoribus
1938 1051 2068 1105 Regi-

199 1156 204 1162 .
261 1121 343 1162 bus
366 1135 443 1162 seu
465 1120 630 1174 reginis
653 1120 791 1162 scotie
815 1120 1046 1162 seruitium
1080 1121 1342 1175 burgagium
1367 1122 1420 1162 de
1442 1121 1698 1163 huiusmodi
1721 1128 1837 1163 terra
1869 1121 2067 1162 debitum

260 1197 302 1231 et
327 1196 590 1231 consuetum
623 1189 821 1231 Tantum
852 1204 931 1244 pro
964 1190 1083 1243 omnj
1119 1190 1206 1232 alio
1238 1205 1370 1232 onere
1403 1189 1584 1232 seruitio
1617 1190 1803 1244 secularj
1839 1190 2068 1232 exactione

259 1273 408 1301 annuo
444 1259 618 1301 redditu
656 1274 733 1301 seu
770 1261 992 1301 demanda
1030 1274 1113 1313 que
1155 1261 1208 1301 de
1250 1260 1449 1314 predicta
1486 1267 1603 1302 terra
1644 1275 1746 1301 cum
1787 1259 2068 1314 pertinentiis

259 1328 511 1382 aliqualiter
551 1329 665 1384 exigi
707 1329 899 1384 poterint
942 1337 1019 1372 aut
1056 1330 1216 1384 requirj
1258 1331 1372 1372 Cum
1411 1330 1547 1372 libera
1589 1329 1731 1372 eciam
1769 1336 1991 1384 potestate
2025 1336 2068 1371 et

257 1399 471 1440 facultate
503 1399 631 1441 nobis
654 1407 697 1442 et
721 1400 1054 1442 successoribus
1080 1400 1245 1442 nostris
1267 1407 1310 1442 et
1334 1400 1559 1454 collectorj
1585 1407 1737 1442 nostro
1760 1400 1832 1454 quj
1858 1415 1936 1454 pro
1958 1406 2068 1441 tem-

258 1483 362 1523 pore
378 1469 508 1511 fuerit
531 1470 744 1524 namandj
765 1477 808 1512 et
827 1470 1118 1525 distringendj
1149 1470 1405 1513 huiusmodi
1427 1478 1592 1513 terram
1611 1472 1666 1512 ad
1685 1485 1845 1512 manus
1868 1470 2070 1524 proprias

258 1539 353 1581 sine
381 1539 540 1594 quouis
573 1540 899 1583 Iurisministro
921 1556 1000 1596 pro
1023 1541 1279 1583 huiusmodi
1312 1556 1460 1583 annuo
1493 1541 1667 1583 redditu
1701 1540 1857 1582 Toties
1889 1540 2070 1594 quocies

257 1623 369 1663 opus
390 1608 521 1651 fuerit
544 1616 587 1651 et
610 1610 663 1651 de
698 1611 799 1652 Iure
832 1610 982 1652 licebit
1014 1611 1222 1652 volumus
1255 1610 1398 1652 eciam
1431 1611 1613 1665 insuper
1636 1611 1753 1664 quod
1777 1610 1813 1651 si
1837 1609 2068 1664 contingat

257 1678 423 1721 dictam
460 1685 624 1721 terram
663 1680 886 1734 deuastarj
927 1680 990 1722 sic
1028 1682 1145 1734 quod
1182 1681 1457 1722 solucionem
1500 1695 1697 1723 annuam
1740 1679 1857 1722 dicte
1894 1694 2069 1722 summe

256 1749 419 1792 habere
451 1764 540 1791 non
572 1750 818 1804 poterimus
842 1757 918 1792 aut
942 1750 978 1792 si
1002 1750 1233 1805 contingat
1267 1751 1436 1793 dictum
1470 1751 1713 1793 donaldum
1746 1765 1850 1792 suos
1882 1750 2068 1792 heredes

257 1826 300 1861 et
343 1819 596 1874 assignatos
638 1835 919 1875 possessores
961 1820 1217 1862 huiusmodi
1259 1827 1374 1862 terre
1416 1835 1494 1875 pro
1536 1827 1737 1874 tempore
1779 1833 2068 1874 quoscunque

257 1891 443 1932 deficere
466 1890 511 1931 in
535 1890 762 1932 solucione
794 1890 1050 1932 huiusmodi
1074 1905 1248 1932 summe
1279 1905 1356 1945 per
1376 1889 1533 1944 viginti
1567 1889 1661 1931 dies
1692 1895 1793 1943 post
1825 1888 2067 1930 terminum

258 1962 310 2003 In
348 1960 418 2003 his
455 1961 632 2004 casibus
674 1969 717 2003 et
760 1961 956 2016 quolibet
1002 1961 1188 2003 Illorum
1233 1962 1350 2015 quod
1392 1975 1474 2002 nos
1516 1966 1559 2002 et
1603 1973 1884 2002 successores
1926 1959 2064 2013 nostrj

255 2031 506 2086 ingressum
539 2038 582 2073 et
615 2046 847 2074 accessum
881 2033 936 2074 ad
969 2031 1225 2074 huiusmodi
1262 2038 1427 2073 terram
1466 2030 1678 2073 continuo
1716 2029 1980 2072 habebimus
2012 2030 2067 2071 ad

256 2100 583 2155 disponendum
622 2116 753 2156 super
789 2102 946 2143 eadem
985 2107 1114 2155 prout
1152 2100 1280 2143 nobis
1317 2100 1536 2154 placuerit
1569 2107 1612 2141 et
1650 2114 1732 2141 nos
1767 2113 1870 2141 vero
1907 2099 2064 2153 prefatj

255 2170 508 2225 prepositus
541 2178 723 2213 curatus
755 2177 798 2213 et
831 2171 1049 2226 capellanj
1086 2171 1207 2225 chorj
1242 2170 1429 2212 ecclesie
1462 2170 1687 2212 antedicte
1718 2176 1861 2212 totam
1891 2176 1934 2211 et
1957 2169 2067 2211 inte-

253 2254 380 2294 gram
413 2239 579 2282 dictam
607 2246 771 2282 terram
804 2255 906 2282 cum
939 2240 1220 2294 pertinentiis
1252 2239 1436 2282 liberam
1470 2240 1525 2282 ab
1558 2238 1679 2281 omni
1712 2253 1860 2280 annuo
1892 2238 2067 2280 redditu

254 2310 426 2364 prefato
448 2310 641 2352 donaldo
668 2310 843 2365 lindsay
866 2310 958 2352 suis
990 2310 1228 2352 heredibus
1257 2316 1299 2352 et
1333 2309 1575 2364 assignatis
1608 2311 1662 2351 In
1694 2309 1902 2351 omnibus
1925 2315 1967 2350 et
1990 2323 2068 2363 per

255 2380 406 2422 omnia
440 2387 487 2422 vt
524 2380 792 2435 premissum
827 2387 894 2423 est
932 2388 1089 2423 contra
1131 2395 1287 2423 omnes
1330 2381 1543 2422 mortales
1579 2378 1959 2422 varantizabimus
1995 2393 2066 2421 ac-

255 2449 555 2503 quietabimus
596 2458 639 2493 et
681 2451 1011 2506 imperpetuum
1064 2451 1353 2493 defendemus
1405 2451 1613 2493 omnibus
1664 2450 1765 2492 dolo
1817 2456 1860 2491 et
1910 2450 2065 2492 fraude

255 2520 441 2562 seclusis
480 2522 532 2562 In
570 2521 697 2563 cuius
732 2521 793 2576 rej
833 2521 1142 2564 testimonium
1185 2521 1468 2576 presentibus
1510 2520 1717 2563 manibus
1758 2519 1924 2561 nostris
1965 2520 2064 2562 sub-

255 2589 433 2644 scriptis
475 2590 681 2645 Sigillum
719 2598 923 2633 nostrum
961 2605 1200 2633 commune
1237 2590 1426 2645 appendj
1465 2590 1654 2632 fecimus
1695 2590 1812 2644 apud
1854 2588 2064 2630 abirdene

253 2659 396 2714 primo
433 2660 503 2702 die
540 2660 708 2703 mensis
750 2661 1016 2716 septembris
1057 2676 1174 2704 anno
1217 2661 1383 2715 dominj
1425 2659 1663 2702 millesimo
1705 2657 2065 2713 quingentesimo

253 2729 594 2785 quadragesimo
627 2730 782 2784 quinto
815 2745 966 2773 coram
999 2731 1191 2772 testibus
1223 2730 1439 2784 magistro
1472 2728 1659 2783 patricio
1691 2727 1920 2782 ruyerfurd
1949 2727 2065 2768 alex-

253 2802 391 2842 andro
413 2801 643 2855 ruyerfurd
666 2800 831 2843 balliuo
854 2801 1035 2843 domino
1057 2800 1191 2843 dauid
1213 2801 1383 2843 Wauss
1409 2799 1542 2841 dauid
1561 2805 1635 2840 cut
1653 2811 1842 2852 georgeo
1865 2797 2064 2838 kennede

253 2870 386 2912 dauid
413 2871 536 2912 elleis
570 2871 771 2912 Iohanne
805 2872 1040 2913 Iamesone
1069 2870 1304 2925 sergiando
1337 2876 1380 2911 et
1413 2869 1628 2924 magistro
1662 2867 1864 2909 Iohanne
1896 2867 2064 2908 kenede

252 2940 426 2983 notario
449 2940 625 2995 publico
649 2955 750 2983 cum
774 2941 962 2983 diuersis
985 2932 1083 2983 aliis

2103 782 2143 813 de
2161 788 2247 813 terra
2264 793 2313 814 ro-

2102 825 2186 857 berti
2204 826 2320 858 cutha-

2102 869 2182 900 berd
2199 879 2220 900 x
2232 880 2248 900 s
