2524 3418
219 1064 273 1095 sol.
295 1062 355 1096 ¹20¹

515 331 568 371 42
953 318 1077 360 Carta
1115 319 1317 359 Willclmi
1348 319 1394 359 dc
1429 316 1600 358 Camcra
1633 318 1679 358 dc
1701 318 1889 372 syndomt

516 434 707 489 duncanj
743 435 922 476 scherar
957 433 1161 476 Rectoris
1192 433 1244 474 de
1277 432 1365 474 clat
1401 433 1559 474 Iacens
1587 438 1712 474 extra
1740 438 1913 487 portam
1938 433 1981 475 in
2003 433 2101 476 vico
2133 434 2319 478 ecclesie

517 504 741 558 superiore
773 519 907 559 prope
939 510 1118 558 pontem
1150 502 1347 544 eiusdem
1374 500 1457 556 vicj
1495 502 1625 544 quta
1659 501 1869 544 Riuolum
1894 516 1919 544 a
1945 502 2045 545 lacu
2075 503 2318 545 molendin-

516 588 640 615 orum
674 574 779 616 dicti
814 574 938 628 burgi
974 575 1068 615 Iam
1094 572 1137 613 in
1160 571 1366 614 omnibus
1389 577 1430 613 et
1454 585 1531 626 per
1562 571 1712 613 omnia
1746 572 1944 626 legitime
1974 573 2208 614 fundatum
2242 587 2319 627 per

516 644 703 684 eundem
740 643 1003 696 magistrum
1039 643 1294 683 duncanum
1334 642 1392 682 Et
1430 642 1546 694 quod
1584 640 1703 682 licite
1741 641 1902 695 poterit
1939 641 2144 683 edificare
2186 656 2319 697 super

515 712 854 754 fundamentum
890 713 984 754 Iam
1021 713 1254 765 Inceptum
1288 716 1381 752 tarn
1405 709 1449 751 in
1473 709 1749 764 longitudine
1779 725 1912 765 quam
1936 710 1980 752 in
2007 711 2243 754 latitudine
2274 719 2317 754 et

514 782 706 823 finaliter
738 795 1048 824 consummare
1081 780 1175 822 sine
1207 781 1402 834 dampno
1439 793 1516 821 seu
1552 779 1794 834 preiudicio
1826 780 1957 835 alicuj
1998 781 2113 835 parti
2147 782 2317 824 Datum

513 858 555 892 et
593 858 840 893 extractum
878 852 930 893 de
968 851 1078 892 libro
1121 849 1253 892 Curie
1290 863 1367 903 per
1408 863 1478 891 me
1514 849 1817 892 Alexandrum
1860 849 1980 892 boiss
2015 851 2069 893 de
2104 850 2319 905 panbride

514 920 704 962 scribam
738 920 870 963 Curie
903 921 963 962 Et
987 921 1041 962 ad
1065 919 1278 962 maiorem
1309 918 1595 961 securitatem
1625 920 1707 962 sub
1736 919 1881 974 sigillo
1913 920 2042 975 officij
2075 920 2318 964 cameriata

513 991 656 1032 scocie
677 992 808 1032 Anno
830 991 899 1033 die
923 1005 1075 1033 mense
1098 996 1140 1032 et
1164 990 1261 1032 loco
1285 989 1599 1045 suprascriptis
1621 990 1902 1044 presentibus
1933 990 2102 1033 Ibidem
2130 991 2316 1034 honora-

513 1060 673 1102 bilibus
694 1067 737 1103 et
760 1060 965 1103 discretis
988 1060 1095 1103 viris
1126 1060 1326 1103 Iohanne
1349 1059 1513 1115 Ogiluy
1535 1061 1588 1102 de
1611 1060 1919 1103 Ballundoche
1944 1061 2144 1103 Iohanne
2165 1062 2316 1116 demp-

512 1137 601 1171 ster
637 1131 690 1172 de
733 1130 989 1173 Ouehtirles
1028 1130 1220 1185 Georgio
1258 1130 1528 1185 Stiruelinge
1564 1136 1607 1172 et
1644 1130 1874 1174 Willelmo
1913 1132 2052 1173 Barre
2088 1131 2316 1186 magistris

512 1199 798 1254 Notariisque
831 1201 1020 1255 publicis
1051 1201 1238 1255 aliisque
1270 1200 1470 1255 pluribus
1502 1200 1796 1256 burgensibus
1832 1201 1938 1244 dicti
1976 1201 2102 1256 burgi
2133 1203 2189 1244 ad
2221 1216 2315 1257 pre-

511 1269 648 1312 missa
671 1269 714 1311 in
738 1270 1046 1313 testimonium
1068 1271 1240 1314 vocatis

627 1339 710 1381 Per
751 1354 821 1382 me
862 1340 1162 1383 Alexandrum
1206 1339 1344 1395 Boyis
1384 1341 1437 1382 de
1478 1339 1665 1394 panbrid
1714 1339 1951 1383 Notarium
1993 1339 2220 1395 publicum
2262 1355 2314 1383 ac

710 1409 900 1453 scribam
925 1410 1042 1452 curie
1066 1409 1255 1452 Iteneris
1278 1409 1522 1453 Camerarii
1545 1409 1845 1465 subscriptum
1870 1411 2009 1453 Manu
2031 1409 2186 1465 propia

1345 1607 1473 1649 XIX.

576 1699 616 1740 N
644 1699 795 1754 vigilia
825 1701 979 1743 Sancti
1007 1700 1132 1755 fotinj
1158 1701 1345 1756 singulis
1373 1701 1503 1744 annis
1531 1701 1608 1744 fiat
1632 1701 2018 1744 Commemoracio
2045 1715 2125 1756 pro
2153 1701 2314 1757 quibus

633 1770 846 1825 magister
877 1772 1110 1813 duncanus
1139 1772 1331 1814 Scherar
1359 1786 1484 1815 orare
1515 1778 1693 1814 tenetur
1720 1786 1800 1827 pro
1822 1786 1869 1813 se
1891 1777 1934 1814 et
1957 1771 2039 1813 erit
2072 1770 2315 1826 solempnis

505 1838 642 1881 missa
674 1838 718 1880 in
751 1854 914 1895 magno
950 1840 1090 1883 altare
1127 1840 1171 1883 in
1202 1841 1316 1883 festo
1353 1841 1496 1884 sancti
1532 1841 1658 1896 fotinj
1693 1841 1899 1884 videlicet
1931 1840 2145 1883 vicesimo
2179 1841 2312 1884 tertio

505 1909 574 1951 die
615 1910 862 1953 decembris
904 1925 1005 1953 cum
1043 1911 1142 1954 aliis
1178 1911 1367 1966 priuatis
1404 1911 1553 1954 missis
1589 1912 1778 1955 aliorum
1816 1911 2148 1966 capellanorum
2187 1911 2311 1954 Dun-

505 1992 644 2020 canus
680 1978 774 2033 ipse
811 1981 916 2022 dum
953 1980 1122 2023 vixerat
1159 1981 1233 2036 qui
1271 1981 1315 2022 in
1351 1981 1443 2024 vita
1477 1996 1558 2024 sua
1599 1981 1727 2024 nobis
1764 1980 1826 2023 sic
1863 1980 2139 2024 efficiabatur
2179 1980 2310 2023 dilec-

504 2048 624 2090 tione
668 2048 878 2104 precipua
924 2052 1041 2105 quod
1087 2050 1338 2105 ubicunque
1389 2066 1500 2106 opus
1550 2051 1680 2093 fuerit
1732 2050 1986 2093 defensione
2036 2050 2211 2092 fidelem
2264 2065 2310 2092 se

504 2117 702 2160 exhibuit
734 2132 822 2161 non
855 2119 999 2162 solum
1207 2121 1295 2171 (sic)
1328 2121 1392 2163 &c
1422 2135 1502 2163 sua
1533 2126 1633 2175 post
1666 2119 1791 2163 cuius
1828 2125 2016 2162 mortem
2054 2118 2310 2162 anniuersa-

504 2187 618 2230 rium
649 2188 876 2244 solempne
908 2189 977 2232 die
1006 2189 1072 2245 suj
1104 2189 1251 2233 obitus
1280 2190 1527 2234 celebretur

1359 2400 1461 2441 XX.

588 2491 719 2534 Carta
754 2491 957 2534 Willelmi
987 2492 1034 2534 de
1064 2492 1242 2535 Camercz
1277 2492 1324 2534 de
1345 2492 1536 2548 Jsvndoun
1566 2491 1640 2534 Ad
1666 2491 1796 2534 altare
1826 2491 1972 2546 Sanctj
1999 2489 2233 2533 Saluatoris

629 2585 876 2627 MNIBUS
909 2584 1076 2627 Christi
1108 2584 1313 2628 fidelibus
1344 2585 1427 2627 has
1458 2585 1633 2627 litteras
1666 2583 1941 2639 Inspecturis
1968 2582 2227 2627 Willelmus
2255 2583 2309 2625 de

684 2654 873 2696 Camera
901 2655 954 2696 de
981 2655 1174 2710 fyndone
1196 2661 1238 2697 et
1262 2656 1315 2698 de
1344 2656 1499 2698 eodem
1530 2654 1731 2698 Salutem
1763 2654 1808 2696 in
1841 2653 2040 2696 omnium
2074 2652 2308 2696 Saluatore

505 2725 668 2768 Sciatis
701 2741 770 2769 me
803 2728 976 2770 dedisse
1008 2729 1283 2772 concessisse
1313 2736 1355 2772 et
1387 2744 1466 2785 pro
1498 2730 1642 2772 salute
1673 2728 1821 2771 anime
1853 2743 1950 2771 mee
1981 2734 2024 2771 et
2056 2728 2306 2771 animarum

504 2795 653 2837 uxoris
689 2811 785 2838 mee
821 2797 1099 2852 proliumque
1135 2805 1391 2841 nostrorum
1429 2806 1763 2842 antecessorum
1802 2804 1845 2841 et
1884 2811 2192 2841 successorum
2231 2810 2310 2851 per

505 2872 734 2919 presentes
770 2867 1059 2910 confirmasse
1090 2870 1146 2910 ad
1178 2869 1319 2911 altare
1350 2868 1518 2911 domini
1549 2868 1691 2911 nostri
1727 2867 1966 2910 saluatoris
2001 2881 2079 2922 per
2109 2881 2180 2909 me
2211 2866 2308 2908 fun·

507 2937 660 2978 datum
693 2943 735 2979 et
769 2945 966 2980 creatum
1000 2939 1044 2979 in
1077 2939 1265 2981 ccclesia
1301 2938 1546 2994 parochiali
1580 2937 1724 2982 sancti
1758 2936 1966 2993 nicholaij
2002 2937 2055 2978 de
2088 2935 2309 2979 Abirdene
