<?xml version="1.0" encoding="UTF-8"?>
<!DOCTYPE html PUBLIC "-//W3C//DTD XHTML 1.0 Transitional//EN"
    "http://www.w3.org/TR/xhtml1/DTD/xhtml1-transitional.dtd">
<html xmlns="http://www.w3.org/1999/xhtml" xml:lang="en" lang="en">
 <head>
  <title>
</title>
<meta http-equiv="Content-Type" content="text/html;charset=utf-8" />
  <meta name='ocr-system' content='tesseract 3.04.00' />
  <meta name='ocr-capabilities' content='ocr_page ocr_carea ocr_par ocr_line ocrx_word'/>
</head>
<body>
  <div class='ocr_page' id='page_1' title='image "./cartulariumeccle01sainuoft_0045.png"; bbox 0 0 2524 3418; ppageno 0'>
   <div class='ocr_carea' id='block_1_1' title="bbox 575 244 1946 298">
    <p class='ocr_par' dir='ltr' id='par_1_1' title="bbox 575 244 1946 298">
     <span class='ocr_line' id='line_1_1' title="bbox 575 244 1946 298; baseline -0.004 -7"><span class='ocrx_word' id='word_1_1' title='bbox 575 249 630 291; x_wconf 77' lang='lat' dir='ltr'>In</span> <span class='ocrx_word' id='word_1_2' title='bbox 659 248 807 290; x_wconf 75' lang='lat' dir='ltr'>honore</span> <span class='ocrx_word' id='word_1_3' title='bbox 838 246 1102 290; x_wconf 71' lang='lat' dir='ltr'>Sanctissime</span> <span class='ocrx_word' id='word_1_4' title='bbox 1133 245 1287 288; x_wconf 78' lang='lat' dir='ltr'>Matris</span> <span class='ocrx_word' id='word_1_5' title='bbox 1318 244 1499 287; x_wconf 71' lang='lat' dir='ltr'>Ecclesia</span> <span class='ocrx_word' id='word_1_6' title='bbox 1896 258 1946 298; x_wconf 88' lang='lat'>13</span> 
     </span>
    </p>
   </div>
   <div class='ocr_carea' id='block_1_2' title="bbox 135 359 1962 2947">
    <p class='ocr_par' dir='ltr' id='par_1_2' title="bbox 135 359 1962 2947">
     <span class='ocr_line' id='line_1_2' title="bbox 137 359 1944 417; baseline -0.003 -10"><span class='ocrx_word' id='word_1_7' title='bbox 137 363 421 407; x_wconf 89' lang='lat' dir='ltr'>natiuitatem</span> <span class='ocrx_word' id='word_1_8' title='bbox 439 377 547 407; x_wconf 88' lang='lat' dir='ltr'>vasa</span> <span class='ocrx_word' id='word_1_9' title='bbox 572 362 633 405; x_wconf 90' lang='lat' dir='ltr'>ire</span> <span class='ocrx_word' id='word_1_10' title='bbox 649 362 815 405; x_wconf 85' lang='lat' dir='ltr'>fuimus</span> <span class='ocrx_word' id='word_1_11' title='bbox 838 362 932 417; x_wconf 89' lang='lat' dir='ltr'>ipse</span> <span class='ocrx_word' id='word_1_12' title='bbox 949 362 1047 404; x_wconf 88' lang='lat' dir='ltr'>fons</span> <span class='ocrx_word' id='word_1_13' title='bbox 1065 375 1146 403; x_wconf 90' lang='lat' dir='ltr'>nos</span> <span class='ocrx_word' id='word_1_14' title='bbox 1160 376 1269 403; x_wconf 90' lang='lat' dir='ltr'>vasa</span> <span class='ocrx_word' id='word_1_15' title='bbox 1293 362 1377 402; x_wconf 89' lang='lat' dir='ltr'>Per</span> <span class='ocrx_word' id='word_1_16' title='bbox 1394 361 1636 402; x_wconf 87' lang='lat' dir='ltr'>secundam</span> <span class='ocrx_word' id='word_1_17' title='bbox 1660 359 1944 402; x_wconf 88' lang='lat' dir='ltr'>natiuitatem</span> 
     </span>
     <span class='ocr_line' id='line_1_3' title="bbox 135 427 1946 485; baseline -0.003 -8"><span class='ocrx_word' id='word_1_18' title='bbox 135 450 244 477; x_wconf 87' lang='lat' dir='ltr'>vasa</span> <span class='ocrx_word' id='word_1_19' title='bbox 267 434 565 477; x_wconf 85' lang='lat' dir='ltr'>misericordie</span> <span class='ocrx_word' id='word_1_20' title='bbox 588 434 656 476; x_wconf 89' lang='lat' dir='ltr'>dei</span> <span class='ocrx_word' id='word_1_21' title='bbox 679 433 771 475; x_wconf 86' lang='lat' dir='ltr'>fieri</span> <span class='ocrx_word' id='word_1_22' title='bbox 796 433 1039 475; x_wconf 88' lang='lat' dir='ltr'>meruimus</span> <span class='ocrx_word' id='word_1_23' title='bbox 1064 427 1343 475; x_wconf 54' lang='lat' dir='ltr'>Omnes‘nos</span> <span class='ocrx_word' id='word_1_24' title='bbox 1373 437 1476 473; x_wconf 91' lang='lat' dir='ltr'>ante</span> <span class='ocrx_word' id='word_1_25' title='bbox 1499 430 1773 485; x_wconf 89' lang='lat' dir='ltr'>baptismum</span> <span class='ocrx_word' id='word_1_26' title='bbox 1797 430 1946 484; x_wconf 89' lang='lat' dir='ltr'>phana</span> 
     </span>
     <span class='ocr_line' id='line_1_4' title="bbox 137 499 1946 558; baseline -0.003 -11"><span class='ocrx_word' id='word_1_27' title='bbox 137 504 300 547; x_wconf 89' lang='lat' dir='ltr'>diaboli</span> <span class='ocrx_word' id='word_1_28' title='bbox 331 504 498 547; x_wconf 89' lang='lat' dir='ltr'>fuimus</span> <span class='ocrx_word' id='word_1_29' title='bbox 527 511 569 546; x_wconf 88' lang='lat' dir='ltr'>et</span> <span class='ocrx_word' id='word_1_30' title='bbox 599 510 699 558; x_wconf 87' lang='lat' dir='ltr'>post</span> <span class='ocrx_word' id='word_1_31' title='bbox 732 503 1005 558; x_wconf 89' lang='lat' dir='ltr'>baptismum</span> <span class='ocrx_word' id='word_1_32' title='bbox 1038 503 1207 557; x_wconf 88' lang='lat' dir='ltr'>templa</span> <span class='ocrx_word' id='word_1_33' title='bbox 1239 501 1393 544; x_wconf 88' lang='lat' dir='ltr'>christi</span> <span class='ocrx_word' id='word_1_34' title='bbox 1426 515 1523 543; x_wconf 88' lang='lat' dir='ltr'>esse</span> <span class='ocrx_word' id='word_1_35' title='bbox 1555 499 1799 542; x_wconf 87' lang='lat' dir='ltr'>meruimus</span> <span class='ocrx_word' id='word_1_36' title='bbox 1832 501 1946 542; x_wconf 91' lang='lat' dir='ltr'>Cum</span> 
     </span>
     <span class='ocr_line' id='line_1_5' title="bbox 138 569 1947 628; baseline -0.002 -13"><span class='ocrx_word' id='word_1_37' title='bbox 138 573 372 616; x_wconf 88' lang='lat' dir='ltr'>manifeste</span> <span class='ocrx_word' id='word_1_38' title='bbox 404 573 510 617; x_wconf 86' lang='lat' dir='ltr'>dicit</span> <span class='ocrx_word' id='word_1_39' title='bbox 534 574 764 628; x_wconf 88' lang='lat' dir='ltr'>apostolus</span> <span class='ocrx_word' id='word_1_40' title='bbox 786 588 866 616; x_wconf 86' lang='lat' dir='ltr'>vos</span> <span class='ocrx_word' id='word_1_41' title='bbox 895 573 1012 615; x_wconf 90' lang='lat' dir='ltr'>enim</span> <span class='ocrx_word' id='word_1_42' title='bbox 1046 572 1154 614; x_wconf 90' lang='lat' dir='ltr'>estis</span> <span class='ocrx_word' id='word_1_43' title='bbox 1183 572 1401 626; x_wconf 88' lang='lat' dir='ltr'>templum</span> <span class='ocrx_word' id='word_1_44' title='bbox 1425 570 1494 613; x_wconf 87' lang='lat' dir='ltr'>dei</span> <span class='ocrx_word' id='word_1_45' title='bbox 1526 584 1662 612; x_wconf 88' lang='lat' dir='ltr'>vnum</span> <span class='ocrx_word' id='word_1_46' title='bbox 1694 570 1807 612; x_wconf 86' lang='lat' dir='ltr'>sicut</span> <span class='ocrx_word' id='word_1_47' title='bbox 1841 569 1947 612; x_wconf 87' lang='lat' dir='ltr'>dicit</span> 
     </span>
     <span class='ocr_line' id='line_1_6' title="bbox 138 640 1946 698; baseline -0.003 -12"><span class='ocrx_word' id='word_1_48' title='bbox 138 644 346 687; x_wconf 90' lang='lat' dir='ltr'>dominus</span> <span class='ocrx_word' id='word_1_49' title='bbox 379 644 646 687; x_wconf 88' lang='lat' dir='ltr'>Inhabitabo</span> <span class='ocrx_word' id='word_1_50' title='bbox 668 644 712 685; x_wconf 88' lang='lat' dir='ltr'>in</span> <span class='ocrx_word' id='word_1_51' title='bbox 737 644 800 686; x_wconf 89' lang='lat' dir='ltr'>eis</span> <span class='ocrx_word' id='word_1_52' title='bbox 822 651 865 686; x_wconf 87' lang='lat' dir='ltr'>et</span> <span class='ocrx_word' id='word_1_53' title='bbox 888 643 1002 685; x_wconf 89' lang='lat' dir='ltr'>inter</span> <span class='ocrx_word' id='word_1_54' title='bbox 1034 643 1155 698; x_wconf 90' lang='lat' dir='ltr'>ipsos</span> <span class='ocrx_word' id='word_1_55' title='bbox 1187 642 1425 685; x_wconf 88' lang='lat' dir='ltr'>ambulabo</span> <span class='ocrx_word' id='word_1_56' title='bbox 1447 648 1490 683; x_wconf 87' lang='lat' dir='ltr'>et</span> <span class='ocrx_word' id='word_1_57' title='bbox 1516 643 1683 683; x_wconf 88' lang='lat' dir='ltr'>Iterum</span> <span class='ocrx_word' id='word_1_58' title='bbox 1706 640 1946 695; x_wconf 87' lang='lat' dir='ltr'>Templum</span> 
     </span>
     <span class='ocr_line' id='line_1_7' title="bbox 138 710 1947 767; baseline -0.001 -13"><span class='ocrx_word' id='word_1_59' title='bbox 138 713 256 755; x_wconf 90' lang='lat' dir='ltr'>enim</span> <span class='ocrx_word' id='word_1_60' title='bbox 289 714 358 756; x_wconf 90' lang='lat' dir='ltr'>dei</span> <span class='ocrx_word' id='word_1_61' title='bbox 387 714 554 756; x_wconf 88' lang='lat' dir='ltr'>facturn</span> <span class='ocrx_word' id='word_1_62' title='bbox 585 720 652 755; x_wconf 92' lang='lat' dir='ltr'>est</span> <span class='ocrx_word' id='word_1_63' title='bbox 685 715 801 767; x_wconf 90' lang='lat' dir='ltr'>quod</span> <span class='ocrx_word' id='word_1_64' title='bbox 831 713 939 755; x_wconf 87' lang='lat' dir='ltr'>estis</span> <span class='ocrx_word' id='word_1_65' title='bbox 967 727 1046 755; x_wconf 91' lang='lat' dir='ltr'>vos</span> <span class='ocrx_word' id='word_1_66' title='bbox 1078 719 1120 754; x_wconf 93' lang='lat' dir='ltr'>et</span> <span class='ocrx_word' id='word_1_67' title='bbox 1155 714 1322 754; x_wconf 89' lang='lat' dir='ltr'>Iterum</span> <span class='ocrx_word' id='word_1_68' title='bbox 1357 711 1554 753; x_wconf 86' lang='lat' dir='ltr'>Nescitis</span> <span class='ocrx_word' id='word_1_69' title='bbox 1585 710 1704 753; x_wconf 85' lang='lat' dir='ltr'>enim</span> <span class='ocrx_word' id='word_1_70' title='bbox 1737 710 1947 765; x_wconf 85' lang='lat' dir='ltr'>quoniam</span> 
     </span>
     <span class='ocr_line' id='line_1_8' title="bbox 139 780 1948 838; baseline -0.001 -14"><span class='ocrx_word' id='word_1_71' title='bbox 139 797 324 838; x_wconf 91' lang='lat' dir='ltr'>corpora</span> <span class='ocrx_word' id='word_1_72' title='bbox 351 790 499 826; x_wconf 88' lang='lat' dir='ltr'>vestra</span> <span class='ocrx_word' id='word_1_73' title='bbox 534 783 752 838; x_wconf 90' lang='lat' dir='ltr'>templum</span> <span class='ocrx_word' id='word_1_74' title='bbox 785 789 852 825; x_wconf 88' lang='lat' dir='ltr'>est</span> <span class='ocrx_word' id='word_1_75' title='bbox 886 782 1068 837; x_wconf 88' lang='lat' dir='ltr'>spiritus</span> <span class='ocrx_word' id='word_1_76' title='bbox 1106 782 1249 824; x_wconf 89' lang='lat' dir='ltr'>sancti</span> <span class='ocrx_word' id='word_1_77' title='bbox 1287 781 1483 824; x_wconf 88' lang='lat' dir='ltr'>aceciam</span> <span class='ocrx_word' id='word_1_78' title='bbox 1523 780 1694 824; x_wconf 87' lang='lat' dir='ltr'>Soluite</span> <span class='ocrx_word' id='word_1_79' title='bbox 1729 781 1948 835; x_wconf 89' lang='lat' dir='ltr'>templum</span> 
     </span>
     <span class='ocr_line' id='line_1_9' title="bbox 138 850 1950 906; baseline -0.001 -12"><span class='ocrx_word' id='word_1_80' title='bbox 138 852 222 894; x_wconf 92' lang='lat' dir='ltr'>hoc</span> <span class='ocrx_word' id='word_1_81' title='bbox 257 859 299 894; x_wconf 87' lang='lat' dir='ltr'>et</span> <span class='ocrx_word' id='word_1_82' title='bbox 333 852 377 893; x_wconf 93' lang='lat' dir='ltr'>in</span> <span class='ocrx_word' id='word_1_83' title='bbox 411 853 558 894; x_wconf 84' lang='lat' dir='ltr'>triduo</span> <span class='ocrx_word' id='word_1_84' title='bbox 591 852 855 895; x_wconf 89' lang='lat' dir='ltr'>reedificabo</span> <span class='ocrx_word' id='word_1_85' title='bbox 890 852 998 894; x_wconf 91' lang='lat' dir='ltr'>illud</span> <span class='ocrx_word' id='word_1_86' title='bbox 1033 852 1076 894; x_wconf 89' lang='lat' dir='ltr'>id</span> <span class='ocrx_word' id='word_1_87' title='bbox 1111 858 1176 893; x_wconf 87' lang='lat' dir='ltr'>est</span> <span class='ocrx_word' id='word_1_88' title='bbox 1211 852 1429 906; x_wconf 89' lang='lat' dir='ltr'>templum</span> <span class='ocrx_word' id='word_1_89' title='bbox 1468 851 1664 906; x_wconf 88' lang='lat' dir='ltr'>corporis</span> <span class='ocrx_word' id='word_1_90' title='bbox 1701 850 1768 892; x_wconf 90' lang='lat' dir='ltr'>sui</span> <span class='ocrx_word' id='word_1_91' title='bbox 1808 850 1950 905; x_wconf 84' lang='lat' dir='ltr'>Igitur</span> 
     </span>
     <span class='ocr_line' id='line_1_10' title="bbox 136 920 1948 977; baseline -0.001 -14"><span class='ocrx_word' id='word_1_92' title='bbox 136 922 295 964; x_wconf 87' lang='lat' dir='ltr'>fratres</span> <span class='ocrx_word' id='word_1_93' title='bbox 312 922 530 964; x_wconf 81' lang='lat' dir='ltr'>carissimi</span> <span class='ocrx_word' id='word_1_94' title='bbox 556 924 834 977; x_wconf 81' lang='lat' dir='ltr'>gaudeamus</span> <span class='ocrx_word' id='word_1_95' title='bbox 851 922 954 976; x_wconf 88' lang='lat' dir='ltr'>quia</span> <span class='ocrx_word' id='word_1_96' title='bbox 972 922 1190 976; x_wconf 89' lang='lat' dir='ltr'>templum</span> <span class='ocrx_word' id='word_1_97' title='bbox 1209 921 1277 964; x_wconf 92' lang='lat' dir='ltr'>dei</span> <span class='ocrx_word' id='word_1_98' title='bbox 1296 936 1393 963; x_wconf 87' lang='lat' dir='ltr'>esse</span> <span class='ocrx_word' id='word_1_99' title='bbox 1417 921 1660 963; x_wconf 87' lang='lat' dir='ltr'>meruimus</span> <span class='ocrx_word' id='word_1_100' title='bbox 1683 921 1770 963; x_wconf 90' lang='lat' dir='ltr'>Sed</span> <span class='ocrx_word' id='word_1_101' title='bbox 1794 920 1948 962; x_wconf 88' lang='lat' dir='ltr'>timea-</span> 
     </span>
     <span class='ocr_line' id='line_1_11' title="bbox 139 991 1949 1046; baseline -0.001 -13"><span class='ocrx_word' id='word_1_102' title='bbox 139 1006 239 1034; x_wconf 87' lang='lat' dir='ltr'>mus</span> <span class='ocrx_word' id='word_1_103' title='bbox 256 1005 311 1033; x_wconf 91' lang='lat' dir='ltr'>ne</span> <span class='ocrx_word' id='word_1_104' title='bbox 328 992 546 1046; x_wconf 91' lang='lat' dir='ltr'>templum</span> <span class='ocrx_word' id='word_1_105' title='bbox 565 992 633 1034; x_wconf 89' lang='lat' dir='ltr'>dei</span> <span class='ocrx_word' id='word_1_106' title='bbox 653 992 784 1034; x_wconf 89' lang='lat' dir='ltr'>malis</span> <span class='ocrx_word' id='word_1_107' title='bbox 802 991 1009 1046; x_wconf 85' lang='lat' dir='ltr'>operibus</span> <span class='ocrx_word' id='word_1_108' title='bbox 1026 991 1245 1033; x_wconf 89' lang='lat' dir='ltr'>violemus</span> <span class='ocrx_word' id='word_1_109' title='bbox 1267 991 1530 1033; x_wconf 87' lang='lat' dir='ltr'>Timeamus</span> <span class='ocrx_word' id='word_1_110' title='bbox 1552 991 1660 1033; x_wconf 90' lang='lat' dir='ltr'>illud</span> <span class='ocrx_word' id='word_1_111' title='bbox 1684 992 1799 1045; x_wconf 92' lang='lat' dir='ltr'>quod</span> <span class='ocrx_word' id='word_1_112' title='bbox 1823 1005 1949 1045; x_wconf 91' lang='lat' dir='ltr'>apos-</span> 
     </span>
     <span class='ocr_line' id='line_1_12' title="bbox 138 1061 1950 1117; baseline -0.001 -13"><span class='ocrx_word' id='word_1_113' title='bbox 138 1062 257 1104; x_wconf 88' lang='lat' dir='ltr'>tolus</span> <span class='ocrx_word' id='word_1_114' title='bbox 283 1062 389 1104; x_wconf 89' lang='lat' dir='ltr'>dicit</span> <span class='ocrx_word' id='word_1_115' title='bbox 417 1062 464 1104; x_wconf 88' lang='lat' dir='ltr'>Si</span> <span class='ocrx_word' id='word_1_116' title='bbox 491 1062 589 1117; x_wconf 88' lang='lat' dir='ltr'>quis</span> <span class='ocrx_word' id='word_1_117' title='bbox 618 1063 837 1117; x_wconf 87' lang='lat' dir='ltr'>templum</span> <span class='ocrx_word' id='word_1_118' title='bbox 868 1062 936 1104; x_wconf 92' lang='lat' dir='ltr'>dei</span> <span class='ocrx_word' id='word_1_119' title='bbox 958 1061 1191 1104; x_wconf 89' lang='lat' dir='ltr'>violauerit</span> <span class='ocrx_word' id='word_1_120' title='bbox 1225 1061 1448 1116; x_wconf 86' lang='lat' dir='ltr'>disperdet</span> <span class='ocrx_word' id='word_1_121' title='bbox 1482 1061 1608 1103; x_wconf 91' lang='lat' dir='ltr'>illum</span> <span class='ocrx_word' id='word_1_122' title='bbox 1641 1061 1849 1103; x_wconf 90' lang='lat' dir='ltr'>dominus</span> <span class='ocrx_word' id='word_1_123' title='bbox 1880 1063 1950 1102; x_wconf 88' lang='lat' dir='ltr'>Ita</span> 
     </span>
     <span class='ocr_line' id='line_1_13' title="bbox 137 1129 1950 1186; baseline -0.001 -13"><span class='ocrx_word' id='word_1_124' title='bbox 137 1132 295 1174; x_wconf 85' lang='lat' dir='ltr'>fratres</span> <span class='ocrx_word' id='word_1_125' title='bbox 337 1132 589 1175; x_wconf 89' lang='lat' dir='ltr'>laboremus</span> <span class='ocrx_word' id='word_1_126' title='bbox 631 1139 678 1174; x_wconf 90' lang='lat' dir='ltr'>ut</span> <span class='ocrx_word' id='word_1_127' title='bbox 721 1131 849 1175; x_wconf 91' lang='lat' dir='ltr'>nobis</span> <span class='ocrx_word' id='word_1_128' title='bbox 891 1133 1107 1174; x_wconf 89' lang='lat' dir='ltr'>bonorum</span> <span class='ocrx_word' id='word_1_129' title='bbox 1150 1146 1284 1186; x_wconf 91' lang='lat' dir='ltr'>opum</span> <span class='ocrx_word' id='word_1_130' title='bbox 1333 1131 1535 1174; x_wconf 88' lang='lat' dir='ltr'>clauibus</span> <span class='ocrx_word' id='word_1_131' title='bbox 1581 1131 1761 1173; x_wconf 89' lang='lat' dir='ltr'>ianuam</span> <span class='ocrx_word' id='word_1_132' title='bbox 1807 1129 1950 1185; x_wconf 88' lang='lat' dir='ltr'>Regni</span> 
     </span>
     <span class='ocr_line' id='line_1_14' title="bbox 139 1202 1949 1258; baseline -0.001 -13"><span class='ocrx_word' id='word_1_133' title='bbox 139 1203 316 1245; x_wconf 88' lang='lat' dir='ltr'>celestis</span> <span class='ocrx_word' id='word_1_134' title='bbox 349 1203 518 1258; x_wconf 88' lang='lat' dir='ltr'>aperire</span> <span class='ocrx_word' id='word_1_135' title='bbox 548 1219 789 1258; x_wconf 91' lang='lat' dir='ltr'>possumus</span> <span class='ocrx_word' id='word_1_136' title='bbox 822 1203 936 1246; x_wconf 90' lang='lat' dir='ltr'>sicut</span> <span class='ocrx_word' id='word_1_137' title='bbox 969 1203 1087 1245; x_wconf 90' lang='lat' dir='ltr'>enirn</span> <span class='ocrx_word' id='word_1_138' title='bbox 1121 1202 1253 1245; x_wconf 89' lang='lat' dir='ltr'>malis</span> <span class='ocrx_word' id='word_1_139' title='bbox 1287 1202 1493 1257; x_wconf 84' lang='lat' dir='ltr'>operibus</span> <span class='ocrx_word' id='word_1_140' title='bbox 1525 1202 1651 1256; x_wconf 91' lang='lat' dir='ltr'>quasi</span> <span class='ocrx_word' id='word_1_141' title='bbox 1685 1202 1949 1256; x_wconf 88' lang='lat' dir='ltr'>quibusdam</span> 
     </span>
     <span class='ocr_line' id='line_1_15' title="bbox 139 1271 1952 1326; baseline -0.002 -11"><span class='ocrx_word' id='word_1_142' title='bbox 139 1272 249 1315; x_wconf 85' lang='lat' dir='ltr'>seris</span> <span class='ocrx_word' id='word_1_143' title='bbox 292 1288 343 1315; x_wconf 93' lang='lat' dir='ltr'>ac</span> <span class='ocrx_word' id='word_1_144' title='bbox 375 1273 576 1316; x_wconf 86' lang='lat' dir='ltr'>vectibus</span> <span class='ocrx_word' id='word_1_145' title='bbox 613 1273 702 1315; x_wconf 90' lang='lat' dir='ltr'>vite</span> <span class='ocrx_word' id='word_1_146' title='bbox 742 1273 869 1316; x_wconf 89' lang='lat' dir='ltr'>nobis</span> <span class='ocrx_word' id='word_1_147' title='bbox 913 1273 1047 1315; x_wconf 89' lang='lat' dir='ltr'>ianua</span> <span class='ocrx_word' id='word_1_148' title='bbox 1086 1272 1308 1315; x_wconf 88' lang='lat' dir='ltr'>clauditur</span> <span class='ocrx_word' id='word_1_149' title='bbox 1347 1274 1417 1314; x_wconf 89' lang='lat' dir='ltr'>Ita</span> <span class='ocrx_word' id='word_1_150' title='bbox 1449 1273 1615 1326; x_wconf 88' lang='lat' dir='ltr'>absque</span> <span class='ocrx_word' id='word_1_151' title='bbox 1654 1271 1786 1314; x_wconf 87' lang='lat' dir='ltr'>dubio</span> <span class='ocrx_word' id='word_1_152' title='bbox 1825 1271 1952 1314; x_wconf 91' lang='lat' dir='ltr'>bonis</span> 
     </span>
     <span class='ocr_line' id='line_1_16' title="bbox 140 1343 1952 1399; baseline -0.002 -13"><span class='ocrx_word' id='word_1_153' title='bbox 140 1343 346 1398; x_wconf 87' lang='lat' dir='ltr'>operibus</span> <span class='ocrx_word' id='word_1_154' title='bbox 385 1344 580 1399; x_wconf 89' lang='lat' dir='ltr'>aperitur</span> <span class='ocrx_word' id='word_1_155' title='bbox 618 1346 765 1399; x_wconf 86' lang='lat' dir='ltr'>Opera</span> <span class='ocrx_word' id='word_1_156' title='bbox 803 1359 906 1398; x_wconf 86' lang='lat' dir='ltr'>ergo</span> <span class='ocrx_word' id='word_1_157' title='bbox 950 1346 1066 1386; x_wconf 90' lang='lat' dir='ltr'>bona</span> <span class='ocrx_word' id='word_1_158' title='bbox 1111 1343 1384 1385; x_wconf 90' lang='lat' dir='ltr'>seminemus</span> <span class='ocrx_word' id='word_1_159' title='bbox 1424 1343 1582 1384; x_wconf 87' lang='lat' dir='ltr'>fratres</span> <span class='ocrx_word' id='word_1_160' title='bbox 1626 1343 1731 1384; x_wconf 90' lang='lat' dir='ltr'>dum</span> <span class='ocrx_word' id='word_1_161' title='bbox 1774 1348 1952 1395; x_wconf 88' lang='lat' dir='ltr'>tempus</span> 
     </span>
     <span class='ocr_line' id='line_1_17' title="bbox 141 1410 1953 1470; baseline -0.002 -15"><span class='ocrx_word' id='word_1_162' title='bbox 141 1420 208 1456; x_wconf 87' lang='lat' dir='ltr'>est</span> <span class='ocrx_word' id='word_1_163' title='bbox 243 1414 418 1456; x_wconf 87' lang='lat' dir='ltr'>dicente</span> <span class='ocrx_word' id='word_1_164' title='bbox 452 1415 656 1469; x_wconf 89' lang='lat' dir='ltr'>apostolo</span> <span class='ocrx_word' id='word_1_165' title='bbox 695 1414 780 1470; x_wconf 84' lang='lat' dir='ltr'>Qui</span> <span class='ocrx_word' id='word_1_166' title='bbox 823 1429 954 1469; x_wconf 86' lang='lat' dir='ltr'>parce</span> <span class='ocrx_word' id='word_1_167' title='bbox 992 1413 1183 1455; x_wconf 88' lang='lat' dir='ltr'>seminat</span> <span class='ocrx_word' id='word_1_168' title='bbox 1221 1428 1352 1467; x_wconf 90' lang='lat' dir='ltr'>parce</span> <span class='ocrx_word' id='word_1_169' title='bbox 1390 1420 1432 1454; x_wconf 89' lang='lat' dir='ltr'>et</span> <span class='ocrx_word' id='word_1_170' title='bbox 1471 1418 1607 1453; x_wconf 91' lang='lat' dir='ltr'>metet</span> <span class='ocrx_word' id='word_1_171' title='bbox 1647 1410 1953 1465; x_wconf 85' lang='lat' dir='ltr'>Infatigabiles</span> 
     </span>
     <span class='ocr_line' id='line_1_18' title="bbox 140 1480 1954 1540; baseline -0.002 -14"><span class='ocrx_word' id='word_1_172' title='bbox 140 1484 293 1539; x_wconf 91' lang='lat' dir='ltr'>inquid</span> <span class='ocrx_word' id='word_1_173' title='bbox 316 1487 421 1528; x_wconf 91' lang='lat' dir='ltr'>dum</span> <span class='ocrx_word' id='word_1_174' title='bbox 454 1492 633 1540; x_wconf 90' lang='lat' dir='ltr'>tempus</span> <span class='ocrx_word' id='word_1_175' title='bbox 659 1486 877 1528; x_wconf 89' lang='lat' dir='ltr'>habemus</span> <span class='ocrx_word' id='word_1_176' title='bbox 907 1499 1141 1539; x_wconf 88' lang='lat' dir='ltr'>operemur</span> <span class='ocrx_word' id='word_1_177' title='bbox 1167 1485 1333 1526; x_wconf 90' lang='lat' dir='ltr'>bonum</span> <span class='ocrx_word' id='word_1_178' title='bbox 1357 1484 1412 1525; x_wconf 92' lang='lat' dir='ltr'>ad</span> <span class='ocrx_word' id='word_1_179' title='bbox 1435 1497 1591 1524; x_wconf 88' lang='lat' dir='ltr'>omnes</span> <span class='ocrx_word' id='word_1_180' title='bbox 1613 1488 1655 1523; x_wconf 93' lang='lat' dir='ltr'>et</span> <span class='ocrx_word' id='word_1_181' title='bbox 1679 1480 1872 1523; x_wconf 78' lang='lat' dir='ltr'>maxime</span> <span class='ocrx_word' id='word_1_182' title='bbox 1899 1481 1954 1522; x_wconf 92' lang='lat' dir='ltr'>ad</span> 
     </span>
     <span class='ocr_line' id='line_1_19' title="bbox 140 1550 1955 1610; baseline -0.003 -12"><span class='ocrx_word' id='word_1_183' title='bbox 140 1556 411 1598; x_wconf 87' lang='lat' dir='ltr'>domesticos</span> <span class='ocrx_word' id='word_1_184' title='bbox 433 1556 535 1598; x_wconf 83' lang='lat' dir='ltr'>fidei</span> <span class='ocrx_word' id='word_1_185' title='bbox 559 1558 619 1598; x_wconf 89' lang='lat' dir='ltr'>Et</span> <span class='ocrx_word' id='word_1_186' title='bbox 642 1571 744 1598; x_wconf 91' lang='lat' dir='ltr'>ecce</span> <span class='ocrx_word' id='word_1_187' title='bbox 767 1570 885 1598; x_wconf 90' lang='lat' dir='ltr'>nunc</span> <span class='ocrx_word' id='word_1_188' title='bbox 912 1562 1090 1610; x_wconf 88' lang='lat' dir='ltr'>tempus</span> <span class='ocrx_word' id='word_1_189' title='bbox 1117 1553 1392 1609; x_wconf 85' lang='lat' dir='ltr'>acceptabile</span> <span class='ocrx_word' id='word_1_190' title='bbox 1414 1568 1516 1595; x_wconf 89' lang='lat' dir='ltr'>ecce</span> <span class='ocrx_word' id='word_1_191' title='bbox 1539 1566 1657 1594; x_wconf 88' lang='lat' dir='ltr'>nunc</span> <span class='ocrx_word' id='word_1_192' title='bbox 1680 1551 1774 1593; x_wconf 88' lang='lat' dir='ltr'>dies</span> <span class='ocrx_word' id='word_1_193' title='bbox 1796 1550 1955 1593; x_wconf 91' lang='lat' dir='ltr'>salutis</span> 
     </span>
     <span class='ocr_line' id='line_1_20' title="bbox 143 1622 1955 1682; baseline -0.003 -13"><span class='ocrx_word' id='word_1_194' title='bbox 143 1627 268 1669; x_wconf 85' lang='lat' dir='ltr'>Deus</span> <span class='ocrx_word' id='word_1_195' title='bbox 299 1627 500 1669; x_wconf 88' lang='lat' dir='ltr'>omnium</span> <span class='ocrx_word' id='word_1_196' title='bbox 533 1627 607 1682; x_wconf 92' lang='lat' dir='ltr'>qui</span> <span class='ocrx_word' id='word_1_197' title='bbox 640 1627 785 1669; x_wconf 92' lang='lat' dir='ltr'>celum</span> <span class='ocrx_word' id='word_1_198' title='bbox 815 1633 857 1669; x_wconf 91' lang='lat' dir='ltr'>et</span> <span class='ocrx_word' id='word_1_199' title='bbox 880 1633 1044 1668; x_wconf 91' lang='lat' dir='ltr'>terram</span> <span class='ocrx_word' id='word_1_200' title='bbox 1067 1627 1200 1668; x_wconf 90' lang='lat' dir='ltr'>verbo</span> <span class='ocrx_word' id='word_1_201' title='bbox 1232 1623 1436 1679; x_wconf 85' lang='lat' dir='ltr'>potencie</span> <span class='ocrx_word' id='word_1_202' title='bbox 1469 1638 1546 1665; x_wconf 88' lang='lat' dir='ltr'>sue</span> <span class='ocrx_word' id='word_1_203' title='bbox 1569 1623 1664 1664; x_wconf 89' lang='lat' dir='ltr'>sine</span> <span class='ocrx_word' id='word_1_204' title='bbox 1685 1622 1774 1664; x_wconf 89' lang='lat' dir='ltr'>vllo</span> <span class='ocrx_word' id='word_1_205' title='bbox 1807 1622 1955 1664; x_wconf 90' lang='lat' dir='ltr'>labore</span> 
     </span>
     <span class='ocr_line' id='line_1_21' title="bbox 141 1692 1953 1751; baseline -0.003 -13"><span class='ocrx_word' id='word_1_206' title='bbox 141 1696 286 1751; x_wconf 90' lang='lat' dir='ltr'>potuit</span> <span class='ocrx_word' id='word_1_207' title='bbox 317 1697 534 1740; x_wconf 85' lang='lat' dir='ltr'>fabricare</span> <span class='ocrx_word' id='word_1_208' title='bbox 565 1697 609 1738; x_wconf 91' lang='lat' dir='ltr'>in</span> <span class='ocrx_word' id='word_1_209' title='bbox 632 1704 676 1739; x_wconf 91' lang='lat' dir='ltr'>te</span> <span class='ocrx_word' id='word_1_210' title='bbox 708 1697 918 1751; x_wconf 87' lang='lat' dir='ltr'>dignatur</span> <span class='ocrx_word' id='word_1_211' title='bbox 949 1695 1152 1739; x_wconf 90' lang='lat' dir='ltr'>habitare</span> <span class='ocrx_word' id='word_1_212' title='bbox 1176 1696 1282 1737; x_wconf 92' lang='lat' dir='ltr'>Ideo</span> <span class='ocrx_word' id='word_1_213' title='bbox 1315 1694 1378 1736; x_wconf 88' lang='lat' dir='ltr'>sic</span> <span class='ocrx_word' id='word_1_214' title='bbox 1411 1695 1544 1736; x_wconf 90' lang='lat' dir='ltr'>debes</span> <span class='ocrx_word' id='word_1_215' title='bbox 1576 1707 1706 1747; x_wconf 88' lang='lat' dir='ltr'>agere</span> <span class='ocrx_word' id='word_1_216' title='bbox 1738 1698 1785 1734; x_wconf 91' lang='lat' dir='ltr'>ut</span> <span class='ocrx_word' id='word_1_217' title='bbox 1817 1692 1953 1734; x_wconf 90' lang='lat' dir='ltr'>talem</span> 
     </span>
     <span class='ocr_line' id='line_1_22' title="bbox 142 1761 1956 1818; baseline -0.002 -10"><span class='ocrx_word' id='word_1_218' title='bbox 142 1766 441 1809; x_wconf 88' lang='lat' dir='ltr'>habitatorem</span> <span class='ocrx_word' id='word_1_219' title='bbox 474 1781 562 1810; x_wconf 93' lang='lat' dir='ltr'>non</span> <span class='ocrx_word' id='word_1_220' title='bbox 596 1766 878 1809; x_wconf 89' lang='lat' dir='ltr'>conuincaris</span> <span class='ocrx_word' id='word_1_221' title='bbox 910 1767 1130 1808; x_wconf 82' lang='lat' dir='ltr'>offendere</span> <span class='ocrx_word' id='word_1_222' title='bbox 1169 1766 1229 1806; x_wconf 85' lang='lat' dir='ltr'>Et</span> <span class='ocrx_word' id='word_1_223' title='bbox 1263 1764 1298 1806; x_wconf 92' lang='lat' dir='ltr'>si</span> <span class='ocrx_word' id='word_1_224' title='bbox 1331 1765 1440 1806; x_wconf 90' lang='lat' dir='ltr'>deus</span> <span class='ocrx_word' id='word_1_225' title='bbox 1476 1764 1730 1818; x_wconf 88' lang='lat' dir='ltr'>redemptor</span> <span class='ocrx_word' id='word_1_226' title='bbox 1766 1761 1956 1805; x_wconf 84' lang='lat' dir='ltr'>decessit</span> 
     </span>
     <span class='ocr_line' id='line_1_23' title="bbox 143 1833 1957 1892; baseline -0.003 -14"><span class='ocrx_word' id='word_1_227' title='bbox 143 1836 297 1879; x_wconf 89' lang='lat' dir='ltr'>statim</span> <span class='ocrx_word' id='word_1_228' title='bbox 332 1837 536 1880; x_wconf 86' lang='lat' dir='ltr'>diabolus</span> <span class='ocrx_word' id='word_1_229' title='bbox 570 1838 779 1892; x_wconf 88' lang='lat' dir='ltr'>deceptor</span> <span class='ocrx_word' id='word_1_230' title='bbox 813 1836 984 1879; x_wconf 91' lang='lat' dir='ltr'>accedit</span> <span class='ocrx_word' id='word_1_231' title='bbox 1021 1835 1179 1878; x_wconf 76' lang='lat' dir='ltr'>Infelix</span> <span class='ocrx_word' id='word_1_232' title='bbox 1213 1841 1279 1877; x_wconf 88' lang='lat' dir='ltr'>est</span> <span class='ocrx_word' id='word_1_233' title='bbox 1315 1834 1465 1876; x_wconf 89' lang='lat' dir='ltr'>anima</span> <span class='ocrx_word' id='word_1_234' title='bbox 1499 1833 1575 1875; x_wconf 90' lang='lat' dir='ltr'>illa</span> <span class='ocrx_word' id='word_1_235' title='bbox 1608 1847 1691 1887; x_wconf 89' lang='lat' dir='ltr'>que</span> <span class='ocrx_word' id='word_1_236' title='bbox 1723 1847 1748 1874; x_wconf 91' lang='lat' dir='ltr'>a</span> <span class='ocrx_word' id='word_1_237' title='bbox 1781 1846 1957 1874; x_wconf 92' lang='lat' dir='ltr'>summo</span> 
     </span>
     <span class='ocr_line' id='line_1_24' title="bbox 143 1901 1957 1961; baseline -0.003 -12"><span class='ocrx_word' id='word_1_238' title='bbox 143 1906 238 1949; x_wconf 86' lang='lat' dir='ltr'>celo</span> <span class='ocrx_word' id='word_1_239' title='bbox 264 1908 457 1950; x_wconf 88' lang='lat' dir='ltr'>defertur</span> <span class='ocrx_word' id='word_1_240' title='bbox 478 1915 520 1950; x_wconf 91' lang='lat' dir='ltr'>et</span> <span class='ocrx_word' id='word_1_241' title='bbox 544 1922 569 1950; x_wconf 90' lang='lat' dir='ltr'>a</span> <span class='ocrx_word' id='word_1_242' title='bbox 592 1907 767 1950; x_wconf 90' lang='lat' dir='ltr'>diabolo</span> <span class='ocrx_word' id='word_1_243' title='bbox 795 1913 1040 1961; x_wconf 89' lang='lat' dir='ltr'>occupatur</span> <span class='ocrx_word' id='word_1_244' title='bbox 1066 1912 1311 1948; x_wconf 87' lang='lat' dir='ltr'>euacuatur</span> <span class='ocrx_word' id='word_1_245' title='bbox 1336 1903 1503 1946; x_wconf 91' lang='lat' dir='ltr'>lumine</span> <span class='ocrx_word' id='word_1_246' title='bbox 1530 1910 1572 1946; x_wconf 88' lang='lat' dir='ltr'>et</span> <span class='ocrx_word' id='word_1_247' title='bbox 1599 1901 1793 1945; x_wconf 91' lang='lat' dir='ltr'>tenebris</span> <span class='ocrx_word' id='word_1_248' title='bbox 1820 1901 1957 1944; x_wconf 90' lang='lat' dir='ltr'>adim-</span> 
     </span>
     <span class='ocr_line' id='line_1_25' title="bbox 142 1972 1958 2031; baseline -0.003 -12"><span class='ocrx_word' id='word_1_249' title='bbox 142 1976 289 2031; x_wconf 86' lang='lat' dir='ltr'>pletur</span> <span class='ocrx_word' id='word_1_250' title='bbox 319 1978 577 2020; x_wconf 82' lang='lat' dir='ltr'>exhauritur</span> <span class='ocrx_word' id='word_1_251' title='bbox 608 1977 841 2020; x_wconf 90' lang='lat' dir='ltr'>dulcedine</span> <span class='ocrx_word' id='word_1_252' title='bbox 874 1977 1117 2020; x_wconf 88' lang='lat' dir='ltr'>inebriatur</span> <span class='ocrx_word' id='word_1_253' title='bbox 1142 1990 1312 2018; x_wconf 88' lang='lat' dir='ltr'>veneno</span> <span class='ocrx_word' id='word_1_254' title='bbox 1345 1982 1387 2017; x_wconf 85' lang='lat' dir='ltr'>et</span> <span class='ocrx_word' id='word_1_255' title='bbox 1414 1975 1458 2016; x_wconf 91' lang='lat' dir='ltr'>in</span> <span class='ocrx_word' id='word_1_256' title='bbox 1486 1973 1784 2017; x_wconf 89' lang='lat' dir='ltr'>amaritudine</span> <span class='ocrx_word' id='word_1_257' title='bbox 1815 1972 1958 2027; x_wconf 90' lang='lat' dir='ltr'>perdit</span> 
     </span>
     <span class='ocr_line' id='line_1_26' title="bbox 141 2043 1958 2103; baseline -0.002 -15"><span class='ocrx_word' id='word_1_258' title='bbox 141 2046 280 2089; x_wconf 90' lang='lat' dir='ltr'>vitam</span> <span class='ocrx_word' id='word_1_259' title='bbox 308 2048 486 2090; x_wconf 85' lang='lat' dir='ltr'>Inuenit</span> <span class='ocrx_word' id='word_1_260' title='bbox 510 2055 698 2091; x_wconf 89' lang='lat' dir='ltr'>mortem</span> <span class='ocrx_word' id='word_1_261' title='bbox 723 2047 911 2102; x_wconf 89' lang='lat' dir='ltr'>acquirit</span> <span class='ocrx_word' id='word_1_262' title='bbox 939 2047 1207 2103; x_wconf 90' lang='lat' dir='ltr'>supplicium</span> <span class='ocrx_word' id='word_1_263' title='bbox 1231 2045 1375 2101; x_wconf 89' lang='lat' dir='ltr'>perdit</span> <span class='ocrx_word' id='word_1_264' title='bbox 1398 2044 1654 2100; x_wconf 89' lang='lat' dir='ltr'>paradisum</span> <span class='ocrx_word' id='word_1_265' title='bbox 1680 2043 1893 2086; x_wconf 91' lang='lat' dir='ltr'>Fideliter</span> <span class='ocrx_word' id='word_1_266' title='bbox 1915 2049 1958 2084; x_wconf 92' lang='lat' dir='ltr'>et</span> 
     </span>
     <span class='ocr_line' id='line_1_27' title="bbox 143 2114 1958 2172; baseline -0.002 -13"><span class='ocrx_word' id='word_1_267' title='bbox 143 2123 262 2159; x_wconf 87' lang='lat' dir='ltr'>recte</span> <span class='ocrx_word' id='word_1_268' title='bbox 298 2117 534 2161; x_wconf 87' lang='lat' dir='ltr'>ecclesiam</span> <span class='ocrx_word' id='word_1_269' title='bbox 573 2126 761 2161; x_wconf 90' lang='lat' dir='ltr'>matrem</span> <span class='ocrx_word' id='word_1_270' title='bbox 800 2126 1000 2161; x_wconf 85' lang='lat' dir='ltr'>nostram</span> <span class='ocrx_word' id='word_1_271' title='bbox 1040 2117 1317 2172; x_wconf 89' lang='lat' dir='ltr'>spiritualem</span> <span class='ocrx_word' id='word_1_272' title='bbox 1356 2116 1507 2171; x_wconf 89' lang='lat' dir='ltr'>populi</span> <span class='ocrx_word' id='word_1_273' title='bbox 1539 2114 1771 2158; x_wconf 87' lang='lat' dir='ltr'>christiani</span> <span class='ocrx_word' id='word_1_274' title='bbox 1807 2114 1958 2156; x_wconf 90' lang='lat' dir='ltr'>colunt</span> 
     </span>
     <span class='ocr_line' id='line_1_28' title="bbox 144 2184 1958 2243; baseline -0.002 -15"><span class='ocrx_word' id='word_1_275' title='bbox 144 2186 218 2240; x_wconf 93' lang='lat' dir='ltr'>qui</span> <span class='ocrx_word' id='word_1_276' title='bbox 237 2201 283 2229; x_wconf 90' lang='lat' dir='ltr'>se</span> <span class='ocrx_word' id='word_1_277' title='bbox 301 2188 487 2231; x_wconf 88' lang='lat' dir='ltr'>ecclesie</span> <span class='ocrx_word' id='word_1_278' title='bbox 507 2188 623 2231; x_wconf 89' lang='lat' dir='ltr'>filios</span> <span class='ocrx_word' id='word_1_279' title='bbox 646 2204 743 2231; x_wconf 88' lang='lat' dir='ltr'>esse</span> <span class='ocrx_word' id='word_1_280' title='bbox 766 2195 1042 2243; x_wconf 88' lang='lat' dir='ltr'>cognoscunt</span> <span class='ocrx_word' id='word_1_281' title='bbox 1067 2190 1126 2230; x_wconf 85' lang='lat' dir='ltr'>Et</span> <span class='ocrx_word' id='word_1_282' title='bbox 1152 2187 1310 2230; x_wconf 88' lang='lat' dir='ltr'>merito</span> <span class='ocrx_word' id='word_1_283' title='bbox 1335 2194 1524 2229; x_wconf 82' lang='lat' dir='ltr'>matrem</span> <span class='ocrx_word' id='word_1_284' title='bbox 1547 2184 1783 2228; x_wconf 87' lang='lat' dir='ltr'>ecclesiam</span> <span class='ocrx_word' id='word_1_285' title='bbox 1807 2184 1958 2226; x_wconf 89' lang='lat' dir='ltr'>colunt</span> 
     </span>
     <span class='ocr_line' id='line_1_29' title="bbox 144 2256 1958 2315; baseline -0.002 -15"><span class='ocrx_word' id='word_1_286' title='bbox 144 2272 222 2312; x_wconf 89' lang='lat' dir='ltr'>per</span> <span class='ocrx_word' id='word_1_287' title='bbox 243 2273 375 2313; x_wconf 88' lang='lat' dir='ltr'>quam</span> <span class='ocrx_word' id='word_1_288' title='bbox 410 2275 456 2302; x_wconf 88' lang='lat' dir='ltr'>se</span> <span class='ocrx_word' id='word_1_289' title='bbox 489 2260 780 2315; x_wconf 88' lang='lat' dir='ltr'>spiritualiter</span> <span class='ocrx_word' id='word_1_290' title='bbox 812 2262 866 2303; x_wconf 88' lang='lat' dir='ltr'>ad</span> <span class='ocrx_word' id='word_1_291' title='bbox 889 2260 1028 2302; x_wconf 88' lang='lat' dir='ltr'>vitam</span> <span class='ocrx_word' id='word_1_292' title='bbox 1062 2266 1347 2314; x_wconf 84' lang='lat' dir='ltr'>regeneratos</span> <span class='ocrx_word' id='word_1_293' title='bbox 1379 2257 1526 2300; x_wconf 88' lang='lat' dir='ltr'>sciunt</span> <span class='ocrx_word' id='word_1_294' title='bbox 1553 2263 1595 2299; x_wconf 89' lang='lat' dir='ltr'>et</span> <span class='ocrx_word' id='word_1_295' title='bbox 1623 2257 1807 2298; x_wconf 87' lang='lat' dir='ltr'>credunt</span> <span class='ocrx_word' id='word_1_296' title='bbox 1841 2256 1958 2311; x_wconf 83' lang='lat' dir='ltr'>Quo-</span> 
     </span>
     <span class='ocr_line' id='line_1_30' title="bbox 145 2325 1958 2385; baseline -0.001 -17"><span class='ocrx_word' id='word_1_297' title='bbox 145 2326 260 2370; x_wconf 87' lang='lat' dir='ltr'>tiens</span> <span class='ocrx_word' id='word_1_298' title='bbox 297 2330 352 2372; x_wconf 89' lang='lat' dir='ltr'>ad</span> <span class='ocrx_word' id='word_1_299' title='bbox 389 2330 625 2373; x_wconf 88' lang='lat' dir='ltr'>ecclesiam</span> <span class='ocrx_word' id='word_1_300' title='bbox 667 2330 873 2373; x_wconf 89' lang='lat' dir='ltr'>venimus</span> <span class='ocrx_word' id='word_1_301' title='bbox 916 2331 1093 2385; x_wconf 90' lang='lat' dir='ltr'>qualem</span> <span class='ocrx_word' id='word_1_302' title='bbox 1136 2329 1336 2372; x_wconf 90' lang='lat' dir='ltr'>inuenire</span> <span class='ocrx_word' id='word_1_303' title='bbox 1376 2329 1584 2370; x_wconf 88' lang='lat' dir='ltr'>volumus</span> <span class='ocrx_word' id='word_1_304' title='bbox 1625 2327 1740 2369; x_wconf 89' lang='lat' dir='ltr'>tales</span> <span class='ocrx_word' id='word_1_305' title='bbox 1784 2325 1958 2368; x_wconf 88' lang='lat' dir='ltr'>animas</span> 
     </span>
     <span class='ocr_line' id='line_1_31' title="bbox 145 2395 1958 2455; baseline -0.001 -17"><span class='ocrx_word' id='word_1_306' title='bbox 145 2404 323 2440; x_wconf 87' lang='lat' dir='ltr'>nostras</span> <span class='ocrx_word' id='word_1_307' title='bbox 363 2414 598 2455; x_wconf 87' lang='lat' dir='ltr'>preparare</span> <span class='ocrx_word' id='word_1_308' title='bbox 639 2402 852 2444; x_wconf 90' lang='lat' dir='ltr'>debemus</span> <span class='ocrx_word' id='word_1_309' title='bbox 890 2401 1111 2455; x_wconf 88' lang='lat' dir='ltr'>quomodo</span> <span class='ocrx_word' id='word_1_310' title='bbox 1146 2406 1194 2442; x_wconf 90' lang='lat' dir='ltr'>tu</span> <span class='ocrx_word' id='word_1_311' title='bbox 1229 2399 1370 2441; x_wconf 85' lang='lat' dir='ltr'>intras</span> <span class='ocrx_word' id='word_1_312' title='bbox 1405 2398 1449 2440; x_wconf 89' lang='lat' dir='ltr'>in</span> <span class='ocrx_word' id='word_1_313' title='bbox 1483 2396 1719 2440; x_wconf 86' lang='lat' dir='ltr'>ecclesiam</span> <span class='ocrx_word' id='word_1_314' title='bbox 1753 2395 1816 2438; x_wconf 91' lang='lat' dir='ltr'>sic</span> <span class='ocrx_word' id='word_1_315' title='bbox 1850 2397 1958 2438; x_wconf 90' lang='lat' dir='ltr'>deus</span> 
     </span>
     <span class='ocr_line' id='line_1_32' title="bbox 145 2465 1959 2525; baseline -0.001 -17"><span class='ocrx_word' id='word_1_316' title='bbox 145 2467 239 2509; x_wconf 91' lang='lat' dir='ltr'>vult</span> <span class='ocrx_word' id='word_1_317' title='bbox 262 2467 306 2510; x_wconf 92' lang='lat' dir='ltr'>in</span> <span class='ocrx_word' id='word_1_318' title='bbox 330 2469 526 2512; x_wconf 89' lang='lat' dir='ltr'>animam</span> <span class='ocrx_word' id='word_1_319' title='bbox 549 2477 675 2513; x_wconf 87' lang='lat' dir='ltr'>tuam</span> <span class='ocrx_word' id='word_1_320' title='bbox 698 2470 864 2513; x_wconf 88' lang='lat' dir='ltr'>intrare</span> <span class='ocrx_word' id='word_1_321' title='bbox 887 2470 950 2512; x_wconf 90' lang='lat' dir='ltr'>sic</span> <span class='ocrx_word' id='word_1_322' title='bbox 973 2470 1068 2525; x_wconf 89' lang='lat' dir='ltr'>ipse</span> <span class='ocrx_word' id='word_1_323' title='bbox 1091 2468 1294 2524; x_wconf 87' lang='lat' dir='ltr'>promisit</span> <span class='ocrx_word' id='word_1_324' title='bbox 1318 2467 1578 2511; x_wconf 88' lang='lat' dir='ltr'>inhabitabo</span> <span class='ocrx_word' id='word_1_325' title='bbox 1601 2466 1645 2508; x_wconf 91' lang='lat' dir='ltr'>in</span> <span class='ocrx_word' id='word_1_326' title='bbox 1668 2465 1756 2508; x_wconf 88' lang='lat' dir='ltr'>illis</span> <span class='ocrx_word' id='word_1_327' title='bbox 1791 2467 1959 2508; x_wconf 88' lang='lat' dir='ltr'>Sancta</span> 
     </span>
     <span class='ocr_line' id='line_1_33' title="bbox 147 2535 1960 2594; baseline -0.001 -15"><span class='ocrx_word' id='word_1_328' title='bbox 147 2543 290 2580; x_wconf 89' lang='lat' dir='ltr'>mater</span> <span class='ocrx_word' id='word_1_329' title='bbox 306 2539 494 2582; x_wconf 87' lang='lat' dir='ltr'>ecclesia</span> <span class='ocrx_word' id='word_1_330' title='bbox 512 2539 804 2583; x_wconf 88' lang='lat' dir='ltr'>immaculata</span> <span class='ocrx_word' id='word_1_331' title='bbox 827 2539 979 2583; x_wconf 91' lang='lat' dir='ltr'>cohitu</span> <span class='ocrx_word' id='word_1_332' title='bbox 1001 2540 1191 2588; x_wconf 83' lang='lat' dir='ltr'>fecunda</span> <span class='ocrx_word' id='word_1_333' title='bbox 1214 2545 1344 2594; x_wconf 90' lang='lat' dir='ltr'>partu</span> <span class='ocrx_word' id='word_1_334' title='bbox 1358 2537 1481 2592; x_wconf 88' lang='lat' dir='ltr'>virgo</span> <span class='ocrx_word' id='word_1_335' title='bbox 1499 2544 1566 2579; x_wconf 89' lang='lat' dir='ltr'>est</span> <span class='ocrx_word' id='word_1_336' title='bbox 1585 2535 1794 2579; x_wconf 86' lang='lat' dir='ltr'>castitate</span> <span class='ocrx_word' id='word_1_337' title='bbox 1817 2541 1960 2578; x_wconf 88' lang='lat' dir='ltr'>mater</span> 
     </span>
     <span class='ocr_line' id='line_1_34' title="bbox 146 2604 1958 2665; baseline -0.002 -15"><span class='ocrx_word' id='word_1_338' title='bbox 146 2614 214 2650; x_wconf 87' lang='lat' dir='ltr'>est</span> <span class='ocrx_word' id='word_1_339' title='bbox 244 2608 366 2663; x_wconf 88' lang='lat' dir='ltr'>prole</span> <span class='ocrx_word' id='word_1_340' title='bbox 395 2609 584 2663; x_wconf 89' lang='lat' dir='ltr'>parturit</span> <span class='ocrx_word' id='word_1_341' title='bbox 613 2624 696 2652; x_wconf 90' lang='lat' dir='ltr'>nos</span> <span class='ocrx_word' id='word_1_342' title='bbox 724 2604 874 2665; x_wconf 87' lang='lat' dir='ltr'>itaque</span> <span class='ocrx_word' id='word_1_343' title='bbox 910 2610 1033 2665; x_wconf 88' lang='lat' dir='ltr'>virgo</span> <span class='ocrx_word' id='word_1_344' title='bbox 1069 2624 1157 2652; x_wconf 90' lang='lat' dir='ltr'>non</span> <span class='ocrx_word' id='word_1_345' title='bbox 1191 2609 1378 2652; x_wconf 88' lang='lat' dir='ltr'>caritate</span> <span class='ocrx_word' id='word_1_346' title='bbox 1411 2609 1502 2662; x_wconf 84' lang='lat' dir='ltr'>[sic]</span> <span class='ocrx_word' id='word_1_347' title='bbox 1535 2608 1667 2663; x_wconf 92' lang='lat' dir='ltr'>plena</span> <span class='ocrx_word' id='word_1_348' title='bbox 1695 2608 1772 2650; x_wconf 87' lang='lat' dir='ltr'>sed</span> <span class='ocrx_word' id='word_1_349' title='bbox 1801 2605 1958 2662; x_wconf 86' lang='lat' dir='ltr'>spiritu</span> 
     </span>
     <span class='ocr_line' id='line_1_35' title="bbox 146 2678 1958 2735; baseline 0 -16"><span class='ocrx_word' id='word_1_350' title='bbox 146 2678 261 2732; x_wconf 89' lang='lat' dir='ltr'>parit</span> <span class='ocrx_word' id='word_1_351' title='bbox 284 2693 365 2721; x_wconf 91' lang='lat' dir='ltr'>nos</span> <span class='ocrx_word' id='word_1_352' title='bbox 387 2679 509 2734; x_wconf 87' lang='lat' dir='ltr'>virgo</span> <span class='ocrx_word' id='word_1_353' title='bbox 531 2695 620 2723; x_wconf 91' lang='lat' dir='ltr'>non</span> <span class='ocrx_word' id='word_1_354' title='bbox 644 2696 745 2723; x_wconf 91' lang='lat' dir='ltr'>cum</span> <span class='ocrx_word' id='word_1_355' title='bbox 769 2682 918 2724; x_wconf 87' lang='lat' dir='ltr'>dolore</span> <span class='ocrx_word' id='word_1_356' title='bbox 942 2682 1242 2724; x_wconf 89' lang='lat' dir='ltr'>membrorum</span> <span class='ocrx_word' id='word_1_357' title='bbox 1266 2681 1342 2723; x_wconf 86' lang='lat' dir='ltr'>sed</span> <span class='ocrx_word' id='word_1_358' title='bbox 1370 2695 1470 2723; x_wconf 90' lang='lat' dir='ltr'>cum</span> <span class='ocrx_word' id='word_1_359' title='bbox 1493 2679 1670 2735; x_wconf 86' lang='lat' dir='ltr'>gaudijs</span> <span class='ocrx_word' id='word_1_360' title='bbox 1699 2678 1958 2733; x_wconf 85' lang='lat' dir='ltr'>angelorum</span> 
     </span>
     <span class='ocr_line' id='line_1_36' title="bbox 147 2747 1962 2806; baseline 0.001 -17"><span class='ocrx_word' id='word_1_361' title='bbox 147 2747 286 2790; x_wconf 87' lang='lat' dir='ltr'>nutrit</span> <span class='ocrx_word' id='word_1_362' title='bbox 335 2762 416 2791; x_wconf 88' lang='lat' dir='ltr'>nos</span> <span class='ocrx_word' id='word_1_363' title='bbox 458 2749 582 2804; x_wconf 85' lang='lat' dir='ltr'>virgo</span> <span class='ocrx_word' id='word_1_364' title='bbox 624 2765 712 2793; x_wconf 91' lang='lat' dir='ltr'>non</span> <span class='ocrx_word' id='word_1_365' title='bbox 752 2751 949 2806; x_wconf 88' lang='lat' dir='ltr'>corporis</span> <span class='ocrx_word' id='word_1_366' title='bbox 991 2751 1107 2793; x_wconf 89' lang='lat' dir='ltr'>lacte</span> <span class='ocrx_word' id='word_1_367' title='bbox 1150 2752 1226 2793; x_wconf 87' lang='lat' dir='ltr'>sed</span> <span class='ocrx_word' id='word_1_368' title='bbox 1269 2749 1492 2792; x_wconf 90' lang='lat' dir='ltr'>catholica</span> <span class='ocrx_word' id='word_1_369' title='bbox 1528 2750 1614 2791; x_wconf 89' lang='lat' dir='ltr'>fide</span> <span class='ocrx_word' id='word_1_370' title='bbox 1649 2749 1782 2791; x_wconf 93' lang='lat' dir='ltr'>Alma</span> <span class='ocrx_word' id='word_1_371' title='bbox 1818 2754 1962 2790; x_wconf 87' lang='lat' dir='ltr'>mater</span> 
     </span>
     <span class='ocr_line' id='line_1_37' title="bbox 146 2818 1961 2875; baseline 0 -15"><span class='ocrx_word' id='word_1_372' title='bbox 146 2818 335 2862; x_wconf 83' lang='lat' dir='ltr'>ecclesia</span> <span class='ocrx_word' id='word_1_373' title='bbox 367 2819 491 2875; x_wconf 87' lang='lat' dir='ltr'>uirgo</span> <span class='ocrx_word' id='word_1_374' title='bbox 523 2828 590 2863; x_wconf 89' lang='lat' dir='ltr'>est</span> <span class='ocrx_word' id='word_1_375' title='bbox 623 2822 809 2864; x_wconf 87' lang='lat' dir='ltr'>ecclesie</span> <span class='ocrx_word' id='word_1_376' title='bbox 842 2821 1138 2864; x_wconf 89' lang='lat' dir='ltr'>sacramentis</span> <span class='ocrx_word' id='word_1_377' title='bbox 1171 2828 1314 2863; x_wconf 84' lang='lat' dir='ltr'>mater</span> <span class='ocrx_word' id='word_1_378' title='bbox 1345 2828 1411 2863; x_wconf 86' lang='lat' dir='ltr'>est</span> <span class='ocrx_word' id='word_1_379' title='bbox 1445 2819 1621 2875; x_wconf 91' lang='lat' dir='ltr'>populis</span> <span class='ocrx_word' id='word_1_380' title='bbox 1655 2820 1775 2874; x_wconf 91' lang='lat' dir='ltr'>Erga</span> <span class='ocrx_word' id='word_1_381' title='bbox 1803 2819 1961 2861; x_wconf 87' lang='lat' dir='ltr'>fratres</span> 
     </span>
     <span class='ocr_line' id='line_1_38' title="bbox 147 2888 1960 2947; baseline 0 -17"><span class='ocrx_word' id='word_1_382' title='bbox 147 2888 369 2931; x_wconf 89' lang='lat' dir='ltr'>karissimi</span> <span class='ocrx_word' id='word_1_383' title='bbox 391 2890 683 2934; x_wconf 89' lang='lat' dir='ltr'>iocundemur</span> <span class='ocrx_word' id='word_1_384' title='bbox 704 2899 746 2934; x_wconf 89' lang='lat' dir='ltr'>et</span> <span class='ocrx_word' id='word_1_385' title='bbox 770 2907 872 2934; x_wconf 90' lang='lat' dir='ltr'>cum</span> <span class='ocrx_word' id='word_1_386' title='bbox 897 2906 1061 2947; x_wconf 87' lang='lat' dir='ltr'>magna</span> <span class='ocrx_word' id='word_1_387' title='bbox 1084 2891 1364 2934; x_wconf 89' lang='lat' dir='ltr'>exultacione</span> <span class='ocrx_word' id='word_1_388' title='bbox 1386 2891 1576 2933; x_wconf 89' lang='lat' dir='ltr'>letemur</span> <span class='ocrx_word' id='word_1_389' title='bbox 1597 2889 1640 2931; x_wconf 89' lang='lat' dir='ltr'>in</span> <span class='ocrx_word' id='word_1_390' title='bbox 1664 2888 1960 2932; x_wconf 90' lang='lat' dir='ltr'>adornacione</span> 
     </span>
    </p>
   </div>
   <div class='ocr_carea' id='block_1_3' title="bbox 1987 1913 2103 1946">
    <p class='ocr_par' dir='ltr' id='par_1_3' title="bbox 1987 1913 2103 1946">
     <span class='ocr_line' id='line_1_39' title="bbox 1987 1913 2103 1946; baseline 0.009 -1"><span class='ocrx_word' id='word_1_391' title='bbox 1987 1913 2044 1946; x_wconf 85' lang='lat' dir='ltr'>sol.</span> <span class='ocrx_word' id='word_1_392' title='bbox 2063 1913 2103 1946; x_wconf 80' lang='lat'>42</span> 
     </span>
    </p>
   </div>
  </div>
 </body>
</html>
