2524 3418
179 1300 234 1332 sol.
257 1300 318 1331 93²

482 303 561 343 232
1133 289 1262 329 Carta
1294 288 1493 330 Iohannis
1526 288 1635 329 mair

480 406 572 447 iesu
596 405 749 448 christi
774 412 900 458 prout
920 404 962 444 in
982 417 1162 456 corpore
1185 417 1421 455 gessumus
1444 402 1538 444 siue
1561 404 1724 444 bonum
1749 403 1842 445 siue
1866 404 2033 446 malum
2060 404 2280 459 recepturi

481 475 656 515 Bonum
681 481 746 514 est
781 472 913 525 igitur
939 471 1054 512 diem
1089 470 1271 523 extremj
1307 469 1454 524 iudicij
1481 470 1686 524 operibus
1719 471 2016 514 misericordie
2049 473 2279 526 preuenire

478 543 548 584 hic
581 550 625 583 vt
661 541 881 582 seminata
914 539 956 579 in
990 538 1119 579 terris
1152 537 1386 592 multiplici
1418 538 1563 579 fructu
1596 538 1801 591 colligere
1834 539 2063 581 valeamus
2095 541 2138 582 in
2172 541 2279 583 celis

480 609 707 651 Noueritis
745 623 814 648 me
853 607 985 659 igitur
1018 605 1060 646 in
1098 605 1310 647 honorem
1349 605 1417 646 dei
1455 605 1774 660 omnipotentis
1808 607 2065 650 beatissime
2096 609 2280 663 virginis

479 678 613 719 marie
637 692 687 718 ac
712 675 910 717 omnium
936 681 1191 714 sanctorum
1225 673 1403 714 celestis
1426 673 1544 714 curie
1567 688 1644 727 pro
1669 674 1812 715 salute
1835 674 1982 716 anime
2012 690 2108 718 mee
2131 676 2278 719 anime

478 755 724 800 margarete
745 744 856 786 moir
873 743 1019 785 vxoris
1035 757 1130 784 mee
1149 743 1337 797 prolium
1361 750 1613 785 nostrorum
1632 751 1866 798 parentum
1885 751 1927 787 et
1946 746 2277 789 benefactorum

477 824 727 858 nostrorum
762 827 1001 867 eorumque
1024 812 1223 854 omnium
1247 827 1272 854 a
1295 812 1454 866 quibus
1486 812 1635 867 aliqua
1658 813 1774 855 bona
1797 813 1945 856 minus
1976 814 2092 857 iuste
2124 816 2278 859 habui-

478 900 576 927 mus
599 899 649 926 ac
673 884 922 926 animarum
956 882 1155 924 omnium
1179 882 1488 924 defunctorum
1512 882 1709 924 fidelium
1732 882 1906 925 dedisse
1936 885 2210 928 concessisse
2233 893 2275 929 et

477 954 559 994 hac
594 959 798 1006 presente
837 957 958 992 carta
993 964 1092 992 mea
1130 950 1417 992 confirmasse
1455 951 1642 992 Necnon
1675 957 1827 992 tenore
1864 952 2136 1005 presentium
2171 955 2276 996 dare

477 1023 717 1063 concedere
739 1028 782 1062 et
805 1020 888 1061 hac
912 1025 1116 1073 presente
1134 1026 1257 1061 carta
1281 1033 1379 1060 mea
1403 1019 1664 1061 confirmare
1687 1019 1890 1062 discretis
1906 1020 2011 1063 viris
2033 1022 2276 1076 capellanis

475 1091 596 1133 chori
615 1090 800 1132 ecclesie
818 1089 1107 1144 perrochialis
1125 1089 1213 1143 diuj
1239 1088 1449 1143 nicholaij
1474 1090 1527 1131 de
1545 1089 1752 1131 abirdene
1771 1096 1813 1132 et
1831 1105 1981 1132 eorum
2002 1092 2276 1135 Successori-

474 1161 556 1202 bus
597 1159 841 1214 capellanis
881 1158 986 1200 dicti
1025 1158 1146 1200 chori
1185 1159 1354 1201 Omnes
1387 1165 1430 1200 et
1465 1158 1664 1213 singulos
1701 1173 1873 1202 annuos
1910 1160 2108 1203 redditus
2150 1177 2273 1205 meos

475 1229 748 1283 subscriptos
781 1242 881 1270 cum
914 1227 1200 1282 pertinenciis
1231 1227 1435 1269 videlicet
1467 1242 1604 1269 vnum
1638 1242 1836 1270 annuum
1870 1229 2090 1272 redditum
2124 1245 2273 1274 meum

473 1298 628 1353 viginti
663 1298 903 1339 solidorum
936 1297 1104 1338 vsualis
1138 1304 1315 1338 monete
1349 1296 1472 1351 regni
1510 1297 1648 1339 scotie
1686 1298 1919 1340 annuatim
1957 1305 2192 1342 exeuntem
2230 1307 2272 1343 et

473 1369 712 1409 leuandum
746 1368 798 1409 de
830 1381 917 1408 vna
949 1373 1066 1407 terra
1098 1365 1312 1420 burgagia
1344 1380 1445 1407 cum
1478 1366 1762 1421 pertinenciis
1797 1368 1977 1409 Iacente
2004 1382 2056 1410 ex
2088 1370 2273 1412 australi

471 1445 594 1492 parte
627 1437 711 1478 vici
743 1436 926 1478 nauium
960 1435 1066 1477 dicti
1099 1435 1225 1490 burgi
1248 1436 1363 1477 inter
1393 1442 1557 1478 terram
1581 1437 1804 1490 quondam
1840 1437 2055 1480 Iohannis
2087 1438 2190 1481 blak
2221 1454 2274 1481 ex

470 1507 673 1549 orientali
696 1521 748 1548 ex
764 1521 851 1548 vna
873 1512 915 1548 et
935 1513 1098 1548 terram
1122 1505 1460 1548 communitatis
1482 1506 1609 1561 burgi
1631 1507 1684 1548 de
1702 1506 1910 1548 abirdene
1932 1521 1985 1548 ex
2007 1507 2271 1551 occidentali

469 1577 668 1631 partibus
710 1577 764 1618 ab
815 1576 955 1618 altera
998 1576 1058 1617 Et
1107 1590 1391 1617 communem
1432 1575 1550 1618 viam
1602 1575 1770 1630 regiam
1814 1590 1966 1618 versus
2007 1577 2186 1619 boream
2228 1583 2271 1620 et

467 1654 708 1688 torrentem
747 1653 901 1687 sancte
935 1644 1149 1686 trinitatis
1182 1660 1336 1687 versus
1378 1652 1580 1687 austrum
1617 1647 1680 1687 Ac
1718 1645 1853 1688 etiam
1890 1660 2027 1687 vnum
2070 1660 2269 1688 annuum

467 1716 687 1757 redditum
711 1729 859 1756 meum
883 1720 983 1756 octo
1007 1713 1248 1756 solidorum
1272 1714 1495 1756 antedicte
1518 1720 1695 1756 monete
1713 1714 1946 1756 annuatim
1970 1721 2204 1757 exeuntem
2227 1722 2270 1757 et

468 1786 707 1828 leuandum
731 1786 783 1826 de
807 1784 882 1825 illa
905 1790 1022 1825 terra
1044 1783 1258 1838 burgagia
1281 1797 1382 1825 cum
1415 1782 1702 1838 pertinenciis
1726 1784 1907 1825 Iacente
1930 1797 1982 1825 ex
2004 1783 2269 1826 occidentali

467 1862 591 1910 parte
613 1854 698 1896 vici
719 1854 942 1896 furcarum
967 1853 1073 1895 dicti
1106 1853 1233 1908 burgi
1256 1852 1372 1895 inter
1392 1859 1557 1895 terram
1580 1852 1777 1907 Villelmj
1810 1852 2007 1895 mathow
2028 1867 2081 1894 ex
2102 1852 2269 1896 boreali

467 1939 519 1966 ex
540 1939 627 1967 vna
651 1925 709 1966 Et
742 1930 905 1966 terram
938 1925 1163 1978 quondam
1195 1923 1378 1978 villelmj
1405 1923 1498 1965 mill
1525 1938 1579 1966 ex
1600 1923 1786 1966 australi
1819 1923 2019 1978 partibus
2041 1924 2096 1966 ab
2127 1923 2268 1966 altera

467 1995 527 2036 Et
570 2008 830 2036 communes
874 1993 970 2036 vias
1011 1993 1156 2048 regias
1196 2008 1351 2035 versus
1392 1992 1540 2035 oriens
1581 1999 1623 2035 et
1664 1993 1872 2036 occidens
1913 1994 1969 2035 ad
2010 1994 2121 2035 duos
2162 1992 2266 2048 annj

465 2065 680 2107 terminos
713 2064 891 2106 vsuales
923 2070 1206 2118 pentecostes
1235 2063 1441 2105 videlicet
1474 2070 1516 2105 et
1550 2063 1693 2106 sancti
1726 2062 1906 2106 martini
1939 2063 1983 2105 in
2012 2062 2158 2105 hieme
2189 2077 2268 2118 per

465 2134 645 2188 equales
667 2135 778 2175 duas
801 2133 970 2175 medias
993 2133 1219 2187 portiones
1241 2132 1586 2174 TENENDAS
1608 2139 1651 2174 et
1674 2133 1903 2174 habendas
1928 2131 2019 2184 [sic]
2047 2145 2203 2173 omnes
2224 2137 2267 2173 et

466 2203 665 2257 singulos
696 2203 839 2245 dictos
871 2217 1044 2244 annuos
1079 2202 1279 2244 redditus
1315 2201 1642 2257 suprascriptos
1679 2215 1779 2244 cum
1817 2199 2104 2256 pertinenciis
2137 2199 2268 2242 dictis

465 2273 707 2328 capellanis
729 2280 771 2314 et
795 2287 946 2315 eorum
972 2273 1313 2315 Successoribus
1335 2272 1518 2328 capituli
1541 2271 1646 2314 dicti
1669 2271 1792 2314 chori
1814 2273 1851 2313 A
1874 2286 1944 2313 me
1967 2269 2202 2312 heredibus
2223 2276 2266 2312 et

465 2343 705 2397 assignatis
729 2343 839 2384 meis
857 2344 909 2385 de
928 2357 1134 2397 supremo
1152 2342 1332 2385 domino
1350 2349 1502 2384 nostro
1519 2356 1620 2396 rege
1639 2348 1681 2383 et
1700 2341 1792 2383 suis
1810 2339 2139 2382 successoribus
2156 2338 2266 2394 regi-

464 2413 546 2454 bus
560 2411 752 2454 scotiein
763 2426 918 2466 puram
929 2419 972 2453 et
983 2419 1245 2466 perpetuam
1260 2411 1541 2454 elimosinam
1558 2412 1893 2465 Imperpetuum
1910 2410 2024 2452 Cum
2039 2408 2160 2450 omni
2165 2408 2265 2463 jure

464 2488 505 2522 et
532 2481 820 2522 Iurisclameo
842 2481 972 2523 titulo
995 2481 1264 2535 proprietate
1287 2488 1329 2522 et
1352 2480 1632 2536 possessione
1649 2481 1713 2522 Ac
1736 2494 1837 2522 cum
1861 2478 2067 2521 omnibus
2090 2492 2141 2520 ac
2164 2476 2265 2532 alijs

464 2549 650 2604 singulis
673 2550 951 2592 libertatibus
974 2550 1366 2592 commoditatibus
1389 2556 1432 2592 et
1455 2548 1716 2592 asiamentis
1739 2563 1790 2590 ac
1822 2548 1952 2590 iustis
1977 2546 2263 2602 pertinenciis

463 2618 799 2672 quibuscunque
826 2619 940 2673 Tam
973 2633 1062 2660 non
1096 2619 1340 2661 nominatis
1377 2633 1510 2673 quam
1547 2617 1791 2661 nominatis
1823 2619 1878 2660 ad
1910 2617 2054 2659 dictos
2089 2629 2262 2658 annuos

462 2687 661 2729 redditus
696 2701 796 2729 cum
834 2687 1120 2742 pertinenciis
1157 2687 1464 2742 spectantibus
1498 2702 1576 2730 seu
1618 2687 1732 2729 iuste
1767 2693 1969 2741 spectare
2009 2684 2261 2728 valentibus

464 2757 794 2810 quomodolibet
818 2757 861 2798 in
884 2757 1081 2799 futurum
1114 2757 1248 2799 libere
1272 2757 1419 2812 quiete
1450 2757 1645 2812 plenarie
1676 2756 1845 2810 integre
1878 2755 2119 2797 honorifice
2151 2755 2262 2796 bene

463 2832 506 2866 et
533 2825 576 2865 in
600 2839 708 2879 pace
742 2825 846 2867 Sine
878 2826 1198 2880 impedimento
1230 2826 1461 2868 obstaculo
1493 2832 1569 2867 aut
1601 2824 1892 2867 reuocacione
1925 2823 2261 2877 quibuscunque

465 2894 765 2950 Quamobrem
789 2894 894 2936 dicti
928 2895 1145 2952 capellanj
1171 2902 1214 2937 et
1248 2895 1314 2938 sui
1348 2909 1628 2940 successores
1650 2894 1756 2937 dicti
1788 2893 2004 2950 capellanj
2031 2891 2151 2934 chori
2184 2904 2262 2946 pro
