2524 3418
494 301 572 329 102
1015 285 1231 327 Fundacio
1261 284 1420 338 dominj
1450 283 1649 325 Iohannis
1673 288 1771 338 prat

491 401 672 456 pediens
687 407 752 443 est
770 400 974 455 operibus
989 397 1287 440 misericordie
1303 397 1531 451 preuenire
1549 404 1596 439 ut
1613 397 1832 440 seminata
1848 398 1893 440 in
1909 399 2038 442 terris
2052 401 2287 456 multiplici

489 471 633 512 fructu
667 470 930 523 colligamus
956 467 999 508 in
1027 466 1134 508 celis
1160 467 1288 508 Vnde
1319 465 1547 508 Noueritis
1574 480 1644 508 me
1673 465 1717 508 in
1749 466 1962 509 honorem
1989 468 2058 510 dei
2090 471 2288 526 omnipo-

489 540 625 582 tentis
663 539 917 582 beatissime
958 535 1141 589 virginis
1174 535 1311 577 marie
1353 550 1404 578 ac
1443 535 1642 578 omniurn
1685 543 1941 578 sanctorum
1973 537 2147 581 dedisse
2187 554 2288 583 con-

490 608 677 651 cessisse
711 607 965 660 assignasse
997 612 1040 646 et
1073 605 1156 647 hac
1190 604 1384 659 presenti
1417 611 1541 646 carta
1572 619 1672 647 mea
1701 606 1989 648 confirmasse
2018 608 2099 650 deo
2131 609 2288 663 glorio-

490 679 663 720 sissime
704 676 861 730 virginj
910 674 1047 716 marie
1095 681 1137 716 et
1187 674 1393 716 omnibus
1439 674 1608 716 sanctis
1644 676 1708 717 Ac
1759 675 2003 730 capellanis
2043 678 2291 722 senioribus

489 756 531 790 et
565 747 837 801 dignioribus
870 744 991 787 chori
1023 744 1140 786 dicte
1171 744 1357 786 ecclesie
1388 744 1677 799 perrochialis
1710 759 1762 787 ac
1793 746 1994 800 personis
2030 748 2292 804 subscriptis

489 825 632 859 totum
668 823 710 858 et
748 815 969 869 integrum
1007 814 1132 856 illurn
1170 828 1368 856 annuum
1405 815 1627 857 redditum
1664 815 1807 858 decim
1845 815 2087 859 solidorum
2122 818 2292 861 vsualis

489 893 665 928 monete
689 884 832 927 scocie
854 883 1086 926 annuatim
1110 883 1350 926 leuandum
1372 885 1425 926 de
1447 890 1542 927 tota
1564 890 1607 927 et
1630 883 1802 939 integra
1818 890 1936 928 terra
1957 891 2050 928 tarn
2070 887 2288 931 anteriore

488 970 620 1010 quam
650 954 856 996 interiore
884 952 1122 996 Alexandri
1153 967 1317 1008 couper
1349 954 1529 996 Iacente
1561 953 1674 996 infra
1705 953 1873 997 dictum
1905 956 2094 1010 burgum
2121 956 2165 999 in
2190 957 2289 1000 vico

488 1025 670 1068 nauium
697 1038 749 1066 ex
775 1022 1039 1066 occidentali
1072 1028 1197 1077 parte
1229 1022 1427 1065 eiusdem
1448 1022 1533 1078 vicj
1562 1022 1677 1065 inter
1700 1028 1864 1066 terram
1889 1024 2072 1067 Roberti
2098 1024 2290 1068 blinseill

488 1110 539 1138 ex
570 1109 657 1137 vna
685 1100 728 1136 et
757 1099 920 1136 terram
948 1093 1171 1147 quondam
1204 1091 1377 1147 patricij
1407 1092 1526 1134 clerk
1554 1106 1606 1135 ex
1639 1091 1803 1135 boreali
1835 1092 2035 1147 partibus
2063 1094 2119 1137 ab
2150 1094 2291 1138 altera

487 1171 530 1206 et
563 1163 858 1214 communem:
872 1161 991 1204 viam
1023 1161 1190 1216 regiam
1213 1176 1369 1203 versus
1399 1161 1545 1204 oriens
1577 1167 1619 1204 et
1648 1167 1846 1204 montem
1876 1168 2030 1205 sancte
2058 1162 2290 1207 katherine

486 1233 669 1289 virginis
699 1247 854 1275 versus
885 1231 1093 1274 occidens
1124 1246 1202 1286 pro
1233 1230 1537 1274 anniuersario
1564 1237 1606 1274 et
1634 1231 1733 1274 aliis
1764 1230 1928 1274 diuinis
1960 1232 2181 1288 suffragiis
2211 1247 2290 1288 pro

487 1303 638 1346 anima
670 1316 769 1344 mea
801 1308 843 1343 et
876 1300 1111 1343 animabus
1143 1306 1378 1355 parentum
1415 1314 1614 1342 meorum
1649 1299 1981 1343 benefactorum
2013 1307 2056 1344 et
2088 1301 2288 1344 omnium

486 1373 683 1415 fidelium
716 1371 1024 1414 defunctorum
1053 1370 1423 1413 TENENDUM
1454 1376 1497 1413 et
1525 1370 1780 1413 habendum
1811 1377 1957 1413 totum
1989 1377 2032 1414 et
2065 1371 2286 1427 integrum

486 1443 654 1486 dictum
685 1455 883 1484 annuum
913 1440 1134 1483 redditum
1172 1454 1274 1482 cum
1314 1439 1406 1482 suis
1444 1439 1730 1494 pertinenciis
1762 1439 1944 1494 prefatis
1972 1440 2216 1495 capellanis
2243 1446 2287 1484 et

486 1511 688 1568 personis
717 1509 980 1565 subscriptis
1011 1515 1054 1552 et
1087 1508 1180 1551 suis
1214 1509 1546 1552 successoribus
1580 1523 1606 1552 a
1640 1523 1710 1552 me
1743 1515 1786 1551 et
1820 1508 2055 1552 heredibus
2088 1509 2199 1552 meis
2235 1511 2286 1553 In

486 1596 643 1637 puram
666 1587 709 1624 et
731 1587 992 1636 perpetuam
1017 1579 1316 1622 Elimosinam
1341 1580 1676 1635 Imperpetuum
1700 1581 1814 1623 Cum
1837 1579 1958 1622 omni
1982 1581 2083 1622 Iure
2105 1586 2148 1623 et
2173 1581 2288 1624 Iuris

486 1652 658 1695 clameo
699 1653 763 1694 Ac
799 1665 901 1694 cum
939 1650 1146 1693 omnibus
1183 1656 1225 1692 et
1269 1649 1456 1705 singulis
1492 1649 1772 1693 libertatibus
1808 1649 2202 1693 commoditatibus
2243 1657 2286 1693 et

486 1721 748 1765 asiamentis
771 1735 822 1764 ac
845 1719 974 1763 iustis
1003 1719 1096 1762 suis
1125 1719 1412 1775 pertinenciis
1440 1719 1776 1774 quibuscunque
1805 1720 1861 1762 ad
1889 1718 2058 1762 dictum
2088 1733 2286 1762 annuum

485 1792 706 1835 redditum
739 1806 841 1834 cum
873 1790 1160 1846 pertinenciis
1192 1790 1501 1846 spectantibus
1534 1805 1612 1833 seu
1646 1791 1770 1833 Iuste
1802 1795 2004 1845 spectare
2034 1790 2287 1834 valentibus

486 1862 815 1917 quomodolibet
838 1861 883 1903 in
904 1861 1102 1904 futurum
1124 1862 1247 1904 Adeo
1273 1860 1407 1904 libere
1429 1860 1625 1916 plenarie
1650 1860 1820 1915 integre
1848 1859 2090 1903 honorifice
2111 1861 2222 1904 bene
2244 1867 2286 1904 et

485 1932 530 1974 in
559 1946 668 1986 pace
701 1931 746 1973 in
781 1931 988 1974 omnibus
1022 1936 1065 1973 et
1100 1945 1178 1985 per
1209 1930 1360 1973 omnia
1395 1929 1509 1973 sicut
1544 1929 1705 1985 aliquis
1735 1944 1911 1972 annuus
1944 1929 2142 1972 redditus
2175 1929 2287 1972 infra

488 2002 672 2044 Dictum
705 2002 892 2056 burgum
925 2007 1002 2044 aut
1034 2007 1157 2043 extra
1188 2000 1234 2042 in
1265 2015 1423 2056 puram
1456 2006 1499 2043 et
1531 2006 1791 2055 perpetuam
1829 1998 2126 2042 Elimosinam
2159 2000 2289 2042 datur

486 2072 744 2116 conceditur
776 2078 852 2114 aut
889 2071 1137 2127 possideter
1170 2071 1265 2113 sine
1298 2070 1610 2114 Reuocacione
1642 2069 1966 2113 reclamacione
1998 2074 2075 2111 aut
2112 2074 2286 2112 contra-

487 2142 680 2184 dictione
709 2140 891 2196 aliquali
918 2140 1004 2183 mei
1031 2140 1243 2183 heredum
1276 2154 1476 2183 meorum
1509 2146 1585 2183 aut
1618 2139 1805 2182 aliorum
1831 2151 2196 2193 quorumcunque
2220 2138 2285 2180 Ac

487 2211 751 2266 capiendum
775 2216 818 2253 et
840 2211 1080 2254 leuandum
1103 2210 1336 2253 annuatim
1368 2225 1446 2266 per
1476 2210 1758 2253 collectorem
1781 2208 2033 2264 generalem
2065 2207 2284 2250 dictorum

487 2280 817 2334 capellanorum
846 2279 1017 2335 collegij
1042 2279 1182 2322 nostri
1205 2281 1258 2322 de
1279 2279 1500 2323 Abirdene
1521 2280 1589 2322 Ad
1612 2280 1722 2321 duos
1745 2277 1848 2332 annj
1872 2276 2088 2319 terminos
2107 2276 2286 2319 vsuales

487 2350 792 2405 pentichostes
813 2350 1017 2392 videlicet
1040 2356 1082 2392 et
1106 2350 1248 2405 sanctj
1269 2350 1447 2405 martinj
1468 2349 1512 2391 in
1529 2363 1656 2405 yeme
1674 2363 1752 2403 per
1768 2347 1947 2402 equales
1964 2346 2196 2402 porciones
2217 2347 2285 2388 Ad

485 2419 837 2462 distribuendum
860 2419 904 2461 in
927 2420 1045 2462 hunc
1068 2422 1248 2462 modum
1272 2420 1345 2475 qui
1369 2419 1567 2474 sequitur
1586 2418 1790 2461 videlicet
1822 2415 2000 2472 preconi
2029 2415 2134 2471 dictj
2158 2415 2285 2471 burgj

487 2488 719 2530 annuatim
757 2489 867 2530 duos
900 2489 1104 2531 denarios
1135 2489 1180 2531 in
1212 2496 1342 2532 nocte
1375 2490 1637 2544 precedente
1663 2485 2017 2530 anniuersarium
2049 2500 2198 2528 meum
2231 2487 2287 2528 ad

487 2557 850 2600 circumeundum
869 2560 1056 2614 burgum
1075 2561 1130 2602 ad
1147 2561 1364 2602 orandum
1381 2574 1458 2615 pro
1476 2558 1626 2601 anima
1648 2573 1747 2600 mea
1765 2563 1808 2600 et
1826 2556 2076 2599 animarum
2099 2555 2286 2610 predict-

487 2643 612 2670 arum
651 2629 736 2670 Pro
772 2628 998 2671 locacione
1031 2636 1073 2672 et
1106 2629 1353 2673 situacione
1383 2629 1534 2672 tabule
1571 2627 1763 2671 detentis
1795 2641 1926 2681 super
1958 2625 2283 2668 monimentum

487 2711 635 2739 meum
670 2712 747 2752 pro
778 2699 890 2741 Cera
923 2700 978 2742 ad
1007 2699 1360 2743 anniuersarium
1390 2713 1538 2742 meum
1567 2697 1800 2741 annuatim
1828 2695 2054 2738 trisdecim
2083 2693 2287 2737 denarios

487 2767 560 2808 vni
591 2767 834 2822 Capellano
863 2770 916 2811 de
946 2769 1191 2813 senioribus
1220 2770 1405 2813 ecclesie
1427 2775 1616 2824 quatuor
1643 2767 1847 2811 denarios
1878 2781 1956 2821 pro
1985 2763 2286 2808 celebracione

488 2837 772 2890 exequiarum
805 2853 882 2893 pro
915 2839 1134 2882 defunctis
1163 2855 1240 2895 pro
1270 2840 1414 2883 salute
1442 2839 1590 2883 anime
1618 2853 1715 2881 mee
1747 2844 1789 2880 et
1821 2836 2071 2880 animarum
2099 2832 2287 2888 predict-

488 2920 612 2948 arum
649 2908 842 2950 Sacriste
875 2909 990 2952 dicte
1023 2910 1208 2953 ecclesie
1244 2925 1322 2968 pro
1358 2910 1614 2969 pulsacione
1651 2920 1970 2963 campanarum
2007 2902 2193 2947 ecclesie
2229 2901 2284 2944 ad
