2524 3418
703 251 888 294 Donatio
922 252 1145 293 Terrarum
1176 251 1223 293 de
1254 251 1408 306 Crovys
1942 263 1966 306 5

153 367 511 410 mercandizandi
537 368 606 410 vel
638 367 683 409 in
715 367 995 410 excambium
1029 374 1106 409 aut
1139 366 1269 409 aliter
1300 365 1582 421 permutandi
1616 372 1710 408 tam
1743 366 1966 409 extraneis

151 437 353 492 personis
384 444 427 480 et
459 451 548 480 non
580 436 730 480 liberis
761 451 895 491 quam
928 436 1265 490 quibuscunque
1297 435 1397 478 aliis
1428 435 1631 490 personis
1657 442 1699 477 et
1728 442 1823 478 tam
1853 436 1966 478 infra

151 513 354 550 nostrum
394 509 600 563 Regnum
638 522 771 562 quam
810 514 934 549 extra
975 506 1265 549 mercimonia
1306 506 1505 561 predicta
1547 506 1666 548 Salis
1702 513 1745 548 et
1783 506 1964 560 pellium

151 579 318 632 absque
351 575 616 632 quacunque
650 585 857 620 custuma
895 592 972 632 per
1004 577 1126 632 ipsos
1157 583 1391 619 extraneos
1424 583 1501 618 aut
1534 576 1646 618 alios
1678 590 1967 631 quoscunque

152 647 489 702 quibuscunque
523 646 683 689 futuris
714 646 990 701 temporibus
1027 646 1323 701 persoluenda
1359 647 1429 688 Ita
1461 646 1578 700 quod
1610 646 1663 687 de
1696 645 1827 687 dictis
1864 646 1967 688 Sale

152 723 195 759 et
218 717 408 772 pellibus
434 731 511 771 per
538 717 660 772 ipsos
685 724 920 758 extraneos
944 731 969 758 a
991 716 1156 758 nostris
1179 716 1474 770 burgensibus
1503 715 1773 770 supradictis
1804 715 1968 770 emptis

152 802 230 829 seu
245 787 476 842 acquisitis
491 788 712 830 Custuma
727 787 985 828 nullatenus
1000 787 1279 841 persoluetur
1295 786 1393 828 Nisi
1412 792 1589 828 tantum
1606 800 1746 841 parua
1760 793 1968 828 custuma

151 871 228 911 per
249 856 369 911 ipsos
398 863 633 899 extraneos
655 862 697 899 et
720 870 809 899 non
841 856 1002 899 liberos
1032 856 1163 898 dictis
1192 856 1486 911 burgensibus
1509 862 1551 898 et
1574 855 1888 898 communitati
1915 857 1968 898 de

153 926 285 969 dictis
314 927 408 969 sale
430 933 472 969 et
496 926 685 982 pellibus
709 925 965 968 Retroactis
992 926 1268 980 temporibus
1290 926 1510 968 hactenus
1539 925 1688 969 debita
1710 932 1752 968 et
1776 925 1968 981 persolui

150 1002 365 1038 consueta
408 997 556 1052 Quare
600 995 820 1038 vniuersis
861 1002 903 1037 et
946 994 1135 1050 singulis
1182 1009 1369 1049 quorum
1412 995 1596 1037 interest
1637 995 1706 1037 vel
1753 994 1969 1037 interesse

151 1065 312 1120 poterit
350 1065 503 1108 stricte
544 1065 828 1121 precipiendo
872 1066 1141 1107 mandamus
1183 1071 1405 1118 quatenus
1446 1063 1491 1106 in
1534 1064 1807 1108 contrarium
1851 1064 1969 1107 dicte

151 1142 301 1178 nostre
345 1135 600 1178 donationis
642 1133 971 1178 exonerationis
1007 1140 1050 1176 et
1088 1132 1499 1189 quittclamacionis
1540 1134 1798 1176 nullatenus
1839 1135 1969 1176 deue-

149 1205 244 1248 nire
279 1212 541 1261 presumant
578 1220 656 1248 seu
689 1220 841 1248 eorum
877 1204 1039 1260 aliquis
1071 1203 1280 1246 deuenire
1312 1210 1542 1258 presumat
1580 1205 1662 1246 sub
1700 1203 1821 1245 omni
1853 1218 1969 1259 pena

150 1289 284 1329 quam
317 1290 423 1332 erga
454 1282 654 1319 nostram
680 1275 869 1331 Regiam
893 1275 1117 1318 incurrere
1149 1273 1343 1329 poterint
1377 1288 1455 1316 seu
1488 1273 1650 1328 poterit
1684 1273 1968 1316 maiestatem

153 1347 206 1388 In
243 1345 371 1389 cuius
411 1346 473 1389 rei
509 1346 819 1389 testimonium
862 1345 1144 1401 presentibus
1187 1344 1327 1387 literis
1368 1358 1447 1399 pro
1488 1350 1703 1399 perpetuo
1744 1344 1969 1386 duraturis

150 1422 353 1460 nostrum
384 1431 598 1472 magnum
629 1416 837 1472 Sigillum
871 1415 1035 1471 apponi
1067 1415 1348 1471 precepimus
1380 1413 1594 1457 Testibus
1628 1415 1892 1457 Reuerendo
1924 1414 1968 1456 in

150 1485 331 1529 Christo
360 1492 486 1542 patre
508 1486 740 1530 Willelmo
771 1486 998 1541 Episcopo
1029 1484 1300 1540 Glasguensi
1323 1484 1555 1527 Willelmo
1585 1483 1766 1526 domino
1790 1484 1968 1527 Creich-

151 1561 288 1598 toune
324 1562 477 1599 nostro
515 1556 782 1599 cancellario
819 1562 862 1598 et
900 1554 1233 1610 consanguineo
1275 1554 1518 1609 predilecto
1554 1553 1746 1596 Dilectis
1782 1568 1970 1596 consan-

151 1624 327 1680 guineis
348 1625 514 1668 nostris
531 1627 710 1669 Andrea
731 1625 913 1668 domino
935 1626 976 1668 le
997 1640 1106 1681 gray
1124 1624 1340 1680 magistro
1363 1623 1550 1680 hospicij
1575 1623 1716 1666 nostri
1738 1623 1970 1667 W'illelmo

152 1695 334 1738 domino
366 1696 612 1739 Somervile
641 1696 894 1739 Alexandro
925 1696 979 1738 de
1011 1709 1150 1738 narne
1182 1696 1236 1737 de
1269 1694 1519 1737 Sandfurde
1551 1700 1805 1736 nostrorum
1839 1695 1970 1737 Com-

153 1770 362 1819 putorum
406 1766 672 1808 Rotulatore
708 1772 752 1808 et
789 1765 1005 1820 magistro
1048 1764 1242 1819 Georgio
1282 1765 1335 1806 de
1378 1763 1661 1806 Schoriswod
1703 1763 1970 1806 cancellario

155 1835 464 1877 Dunkeldensi
486 1834 647 1877 clerico
675 1841 828 1878 nostro
848 1836 979 1889 Apud
1003 1834 1255 1889 Striuelyne
1279 1835 1415 1876 Sexto
1433 1833 1503 1875 die
1527 1833 1695 1875 mensis
1723 1833 1972 1876 decembris

151 1905 283 1947 Anno
314 1904 483 1947 domini
518 1904 756 1947 millesimo
794 1903 1235 1960 quadringentesimo
1273 1902 1643 1958 quinquagesimo
1681 1904 1876 1946 secundo
1910 1904 1970 1946 Et

154 1973 299 2028 Regni
331 1973 472 2017 nostri
504 1973 678 2017 decimo
711 1981 835 2017 sexto

172 2240 320 2283 Litera
339 2240 574 2283 donationis
596 2245 801 2283 terrarum
822 2241 869 2283 de
891 2242 1045 2296 Crovys
1060 2245 1136 2297 per
1156 2241 1352 2283 Iacobum
1375 2241 1539 2283 tertimn
1561 2242 1776 2284 Scotorum
1797 2243 1953 2298 Regem

269 2323 329 2376 [Ι]
342 2324 591 2368 ACOBUS
618 2323 687 2367 dei
713 2323 858 2379 gratia
889 2326 985 2366 Rex
1015 2325 1252 2367 Scotorum
1285 2324 1494 2368 omnibus
1530 2324 1680 2380 probis
1714 2325 1971 2368 hominibus

154 2392 299 2436 tocius
319 2400 435 2437 terre
460 2408 540 2437 sue
568 2393 740 2437 clericis
762 2401 805 2437 et
828 2393 954 2437 laicis
977 2395 1168 2437 salutem
1200 2393 1364 2437 Sciatis
1386 2408 1468 2437 nos
1490 2394 1667 2437 dedisse
1695 2395 1971 2438 concessisse

155 2468 198 2504 et
216 2462 301 2506 hac
319 2463 513 2518 presenti
535 2470 660 2507 carta
678 2470 831 2507 nostra
854 2465 1144 2506 confirmasse
1167 2464 1342 2507 dilectis
1364 2464 1530 2507 nostris
1548 2465 1774 2520 preposito
1792 2465 1972 2509 balliuis

155 2532 414 2576 consulibus
445 2540 489 2576 et
521 2533 835 2577 communitati
867 2534 994 2589 burgi
1026 2534 1166 2576 nostri
1199 2535 1253 2577 de
1274 2535 1506 2577 Aberdene
1537 2541 1680 2577 terras
1706 2535 1759 2577 de
1786 2536 1972 2590 Crwuys

155 2616 258 2645 cum
299 2602 580 2658 pertinentiis
615 2603 814 2647 iacentes
855 2603 969 2646 infra
1003 2603 1370 2646 vicecomitatum
1412 2610 1615 2646 nostrum
1654 2605 1708 2646 de
1739 2605 1971 2647 Aberdene

156 2672 434 2728 Quequidem
485 2679 600 2716 terre
651 2677 752 2716 c‘um
804 2673 1086 2729 pertinentiis
1128 2674 1306 2716 fuerunt
1357 2673 1507 2716 dilecti
1559 2673 1698 2716 nostri
1756 2674 1972 2716 Iohannis

155 2743 434 2798 bannyrman
466 2744 520 2786 de
541 2743 721 2786 Alesike
752 2743 1018 2787 hereditarie
1052 2745 1112 2786 Et
1145 2758 1255 2798 quas
1287 2744 1405 2786 idem
1440 2744 1666 2786 Iohannes
1697 2758 1786 2786 non
1817 2744 1860 2786 vi
1894 2751 1971 2787 aut

156 2819 279 2855 metu
310 2813 473 2856 ductus
501 2827 582 2856 nec
612 2828 756 2857 errore
785 2814 939 2870 lapsus
969 2820 1036 2857 set
1065 2828 1147 2857 sua
1173 2829 1296 2857 mera
1323 2820 1366 2857 et
1393 2821 1643 2870 spontanea
1664 2814 1897 2857 voluntate
1925 2814 1970 2856 in

156 2895 318 2923 manus
339 2890 518 2924 nostras
545 2885 662 2938 apud
690 2883 930 2927 Striueline
957 2899 1107 2935 coram
1135 2883 1400 2938 subscriptis
1429 2883 1620 2926 testibus
1641 2898 1719 2938 per
1738 2884 1901 2926 fustem
1929 2889 1971 2926 et
