2524 3418
162 2192 219 2226 fol.
238 2191 298 2229 57ยน

460 347 539 387 140
984 335 1113 377 Carta
1145 334 1303 376 domini
1333 334 1520 375 willelmi
1543 334 1754 389 philpsone

457 448 621 490 nostris
654 449 697 491 in
729 449 856 492 feodo
888 455 930 490 et
964 447 1210 490 hereditate
1249 449 1585 502 Imperpetuum
1619 462 1720 490 cum
1753 448 1874 490 omni
1909 450 2011 492 Iure
2045 455 2088 492 et
2124 450 2256 493 Iuris-

457 517 628 560 clameo
665 520 778 562 Cum
812 517 972 560 debitis
1001 516 1278 571 longitudine
1305 523 1348 559 et
1375 516 1610 559 latitudine
1643 531 1721 572 per
1752 531 1909 561 omnes
1939 525 2086 561 rectas
2112 526 2256 563 metas

456 600 561 629 suas
584 587 792 642 antiquas
815 594 857 629 et
880 586 1047 629 diuisas
1080 587 1428 630 SOLUENDO
1464 588 1574 629 Inde
1606 587 1840 630 annuatim
1863 588 2009 631 dictus
2033 589 2258 632 Iohannes

457 656 641 698 heredes
664 656 730 710 suj
759 663 801 698 et
828 655 1045 710 assignati
1078 655 1206 698 nobis
1238 662 1281 698 et
1314 655 1647 699 successoribus
1679 657 1844 700 nostris
1876 658 2120 713 capellanis
2151 658 2258 702 dicti

457 725 579 767 chori
602 740 737 767 vnum
756 739 954 768 annuum
973 725 1195 768 redditum
1219 725 1442 769 sexdecim
1465 726 1707 770 solidorum
1729 727 1898 771 vsualis
1920 735 2098 772 monete
2121 729 2259 772 scotie

457 796 511 837 ad
544 795 759 838 terminos
789 795 979 839 vsitatos
1011 803 1054 839 et
1087 804 1326 840 consuetos
1357 798 1421 840 Ac
1452 796 1655 840 faciendo
1690 799 1799 841 Inde
1836 813 2045 854 supremo
2081 798 2261 842 domino

456 872 608 907 nostro
638 865 729 920 regi
763 865 994 909 seruitium
1027 867 1080 909 de
1113 866 1244 909 dictis
1276 866 1407 910 terris
1439 867 1637 910 debitum
1670 874 1713 911 et
1746 875 2010 911 consuetum
2043 875 2259 923 quantum

457 933 649 987 pertinet
685 935 741 977 ad
783 937 962 978 easdem
1000 943 1178 979 tantum
1216 952 1294 992 pro
1330 937 1418 980 alio
1455 937 1637 981 seruitio
1679 938 1867 982 seculari
1905 938 2135 982 exactione
2173 940 2262 982 Seu

458 1003 679 1046 demanda
702 1019 785 1059 que
808 1005 939 1048 dictis
969 1006 1100 1049 terris
1122 1021 1223 1050 cum
1257 1007 1544 1062 pertinenciis
1577 1007 1829 1063 aliqualiter
1859 1008 1974 1065 exigi
2000 1008 2163 1064 poterit
2185 1015 2262 1052 aut

456 1073 616 1128 requirj
644 1075 704 1116 Et
727 1089 808 1117 nos
829 1090 932 1118 vero
955 1075 1063 1119 dicti
1085 1083 1267 1120 curatus
1285 1083 1327 1120 et
1351 1078 1569 1133 capellanj
1594 1085 1638 1121 et
1656 1093 1937 1122 successores
1959 1078 2099 1122 nostri
2120 1078 2263 1122 Totas

457 1149 500 1184 et
529 1143 734 1199 Integras
756 1145 900 1189 dictas
922 1153 1113 1201 quatuor
1141 1147 1386 1202 particatas
1415 1155 1633 1192 terrarum
1658 1164 1758 1192 cum
1782 1149 2070 1205 pertinenciis
2091 1149 2262 1204 prefato

459 1212 648 1268 Iohannj
684 1214 921 1259 heredibus
953 1216 1046 1260 suis
1078 1224 1121 1260 et
1154 1218 1396 1274 assignatis
1427 1233 1505 1274 per
1530 1233 1686 1262 omnes
1707 1226 1849 1262 terras
1880 1226 1924 1262 et
1956 1218 2264 1274 possessiones

457 1290 635 1326 nostras
678 1293 833 1329 contra
865 1301 1022 1331 omnes
1053 1289 1266 1332 mortales
1297 1288 1678 1332 varantizabimus
1711 1289 2067 1345 acquietabimus
2103 1295 2146 1332 et
2174 1290 2262 1332 Im-

455 1360 719 1408 perpetuum
742 1356 1031 1400 defendemus
1062 1358 1269 1401 omnibus
1289 1358 1443 1401 fraude
1472 1365 1515 1401 et
1537 1359 1639 1402 dolo
1661 1359 1848 1402 seclusis
1875 1360 1940 1402 IN
1973 1359 2169 1404 CUIUS
2198 1358 2259 1413 rej

455 1424 764 1468 testimonium
799 1427 1005 1482 Sigillum
1040 1435 1244 1472 nostrum
1283 1443 1521 1472 commune
1552 1443 1745 1472 vnacum
1779 1428 1944 1472 nostris
1977 1427 2262 1483 subscriptio-

457 1493 587 1536 nibus
611 1495 899 1540 Manualibus
921 1497 1112 1541 acetiam
1137 1498 1344 1554 Sigillum
1367 1498 1474 1541 dicti
1499 1498 1714 1541 Iohannis
1737 1513 1834 1541 mar
1855 1497 1994 1541 nostri
2015 1497 2265 1541 fundatoris

457 1562 501 1605 in
525 1563 609 1606 hac
631 1572 756 1619 parte
779 1567 845 1621 suj
871 1582 1116 1611 consensus
1145 1575 1187 1611 et
1210 1569 1384 1624 patricij
1409 1569 1546 1625 leslye
1572 1569 1723 1625 balliuj
1749 1569 1855 1613 dicti
1878 1568 2004 1624 burgi
2026 1574 2069 1611 et
2096 1567 2265 1612 datoris

458 1632 606 1675 sasine
643 1635 924 1689 presentibus
957 1644 1061 1680 sunt
1094 1652 1293 1693 appensa
1325 1639 1456 1693 Apud
1492 1640 1682 1681 eundem
1715 1637 1962 1693 penultimo
1995 1637 2064 1681 die
2096 1636 2264 1680 mensis

460 1702 560 1757 Iulij
586 1717 703 1746 anno
726 1706 894 1748 domini
923 1707 1163 1750 millesimo
1189 1708 1547 1764 quingentesimo
1575 1708 1792 1764 vigesimo
1816 1710 1978 1752 Coram
2001 1706 2200 1763 prouidis
2221 1713 2264 1750 et

457 1773 659 1816 honestis
691 1774 797 1818 viris
833 1777 1035 1820 Iohanne
1069 1778 1192 1821 craik
1226 1779 1437 1822 willelmo
1473 1785 1694 1822 wattsone
1731 1779 1971 1822 alexandro
2007 1779 2265 1822 Wentoune

457 1842 751 1897 burgensibus
787 1846 840 1888 de
878 1846 1087 1890 abirdene
1123 1848 1294 1891 valtero
1331 1849 1494 1904 saffray
1527 1848 1762 1904 sergiando
1799 1854 1842 1891 et
1879 1847 2094 1903 magistro
2130 1845 2265 1890 dauid

457 1910 717 1956 nicholsone
740 1915 914 1958 notario
938 1917 1115 1971 publico
1139 1933 1190 1960 ac
1215 1917 1361 1962 scriba
1384 1918 1518 1962 Curie
1539 1919 1730 1962 testibus
1752 1925 1822 1962 etc

1257 2104 1474 2145 LXXVI.

588 2190 836 2235 MNIBUS
862 2191 979 2235 hanc
1005 2194 1189 2237 Cartam
1221 2194 1386 2238 visuris
1413 2195 1483 2238 vel
1515 2193 1745 2238 Audituris
1778 2193 2001 2237 Dominus
2028 2193 2265 2237 willelmus

643 2259 878 2315 philpsone
919 2263 1180 2317 capellanus
1217 2270 1260 2307 et
1297 2263 1614 2320 stipendiarius
1646 2263 1856 2307 altarium
1892 2262 2010 2308 beati
2049 2263 2265 2306 Iohannis

459 2327 654 2383 baptiste
685 2336 728 2372 et
760 2330 897 2374 trium
929 2346 1084 2387 regum
1117 2332 1230 2377 infra
1262 2333 1499 2377 ecclesiam
1531 2332 1834 2389 parochialem
1868 2331 1975 2374 Diui
2004 2331 2180 2387 nicolaij
2209 2333 2264 2374 de

459 2398 669 2442 abirdene
702 2399 968 2445 situatorum
1002 2409 1045 2445 et
1076 2404 1364 2447 fundatorum
1394 2411 1594 2448 eternam
1617 2403 1662 2446 in
1694 2403 1874 2447 domino
1901 2402 2092 2445 salutem
2117 2403 2264 2445 Noue-

459 2466 557 2509 ritis
580 2482 650 2510 me
673 2467 717 2511 in
740 2478 1033 2525 augmentum
1056 2472 1196 2516 diuini
1215 2475 1363 2517 cultus
1380 2481 1423 2517 et
1446 2474 1490 2516 in
1508 2474 1722 2517 honorem
1740 2473 2004 2516 intemerate
2025 2471 2265 2528 genetricis

459 2536 529 2580 dei
572 2538 710 2581 marie
751 2547 993 2596 sancteque
1029 2556 1145 2585 anne
1182 2550 1385 2587 matrone
1427 2543 1584 2587 matris
1619 2542 1819 2586 eiusdem
1855 2541 2046 2597 gloriose
2080 2540 2265 2597 virginis

460 2607 749 2663 omniumque
787 2611 1019 2654 celestium
1056 2612 1222 2656 ciuium
1262 2615 1448 2656 Necnon
1486 2628 1564 2668 pro
1601 2613 1745 2656 salute
1782 2611 1930 2655 anime
1964 2625 2062 2654 mee
2095 2617 2138 2654 et
2172 2610 2265 2654 ani-

461 2691 634 2720 marum
676 2686 913 2734 parentum
955 2681 1201 2726 amicorum
1247 2684 1533 2727 fundatorum
1585 2690 1628 2726 et
1680 2682 2013 2727 benefactorum
2065 2695 2264 2724 meorum

460 2761 701 2802 eorumque
723 2749 924 2793 omnium
947 2766 973 2795 a
996 2752 1155 2807 quibus
1178 2753 1328 2809 aliqua
1350 2755 1466 2798 bona
1489 2753 1638 2796 minus
1662 2754 1818 2795 quste
1840 2751 1975 2796 habui
1998 2757 2041 2794 et
2062 2750 2263 2794 omnium

459 2815 657 2859 fidelium
695 2818 1006 2864 defunctorum
1043 2822 1220 2866 dedisse
1256 2823 1533 2866 concessisse
1569 2829 1612 2866 et
1649 2821 1694 2864 in
1731 2836 1888 2877 puram
1923 2827 1966 2865 et
2002 2826 2263 2876 perpetuam

458 2885 753 2929 alemosinam
781 2890 1037 2945 assignasse
1068 2898 1112 2934 et
1141 2892 1225 2936 hac
1254 2899 1459 2948 presente
1489 2898 1611 2936 carta
1643 2906 1743 2935 mea
1775 2892 2064 2934 confirmasse
2085 2889 2265 2932 Vicario

460 2962 502 2996 et
530 2957 774 3011 capellanis
806 2960 928 3001 chori
956 2961 1142 3004 ecclesie
1175 2963 1444 3017 paroehialis
1475 2962 1700 3006 antedicte
1732 2968 1774 3004 et
1808 2960 1901 3004 suis
1932 2958 2265 3003 suecessoribus
