2524 3418
804 303 968 344 Statum
1000 302 1046 342 de
1078 302 1380 357 capellanorum
1411 302 1590 344 moribus
2021 306 2100 358 263

405 418 608 461 Thomas
631 418 855 460 chawmer
876 423 1060 459 curatus
1084 418 1136 459 de
1159 416 1367 459 abirdene
1391 431 1527 460 manu
1545 418 1721 473 propria

405 488 613 530 dominus
638 487 863 529 Iohannes
885 487 970 542 fyfe
994 488 1048 528 ad
1072 487 1153 529 hec
1177 501 1313 529 manu
1337 488 1515 542 propria

406 557 614 600 dominus
638 557 864 599 Iohannes
887 572 1037 599 murra
1059 559 1114 599 ad
1138 557 1218 599 hec
1243 573 1378 600 manu
1401 559 1578 614 propria

406 627 614 670 dominus
638 627 864 669 Iohannes
887 642 1082 682 cumyng
1104 642 1240 669 manu
1264 628 1440 683 propria

409 697 480 738 Ita
502 702 568 738 est
592 695 799 737 dominus
824 696 973 737 Dauid
995 710 1143 737 wauss
1166 710 1302 737 manu
1325 697 1503 751 propria

408 765 479 807 Ita
500 769 567 806 est
600 763 814 818 magister
834 763 1072 805 willelmus
1093 763 1349 818 philipsoun
1373 779 1510 808 manu
1532 766 1708 820 propria

405 834 664 878 Willelmus
688 835 864 888 Couper
886 834 941 876 ad
963 833 1045 875 hec
1068 848 1204 876 manu
1230 834 1406 888 propria

407 905 615 948 dominus
639 905 864 948 Iohannes
886 905 1032 959 bynne
1055 919 1191 947 manu
1214 904 1391 959 propria

406 973 614 1016 dominus
637 974 864 1016 Iohannes
882 987 979 1015 mar
1001 987 1137 1015 manu
1160 972 1338 1027 propria

409 1045 480 1086 Ita
503 1050 569 1086 est
595 1043 821 1086 Iohannes
843 1044 1014 1086 Wauss
1036 1057 1172 1085 manu
1195 1042 1372 1097 propria

1076 1199 1313 1241 CXXVII.

288 1280 444 1322 Actum
477 1280 617 1336 primo
657 1279 721 1321 die
761 1279 908 1320 mensis
950 1278 1119 1320 octobris
1156 1279 1283 1320 Anno
1325 1279 1484 1335 dominj
1523 1280 1741 1323 wizillesz'mo
1781 1282 2100 1338 quingentesimo
2130 1289 2190 1322 fol.
2210 1288 2293 1322 1061

1095 1348 1296 1390 tricesimo

420 1432 505 1474 UO
529 1430 598 1473 die
620 1430 886 1473 venerabilis
910 1432 969 1472 Et
996 1430 1217 1485 Egregius
1240 1431 1306 1472 vir
1328 1431 1543 1486 magister
1566 1433 1769 1475 robertus
1794 1433 2099 1488 Elphinstoun

321 1540 400 1565 Η
475 1501 718 1544 canonicus
751 1508 794 1543 et
827 1501 1163 1543 commissarius
1195 1502 1416 1556 generalis
1453 1502 1760 1545 abirdonensis
1792 1506 1845 1546 de
1878 1519 2098 1548 consensu

291 1571 475 1627 capituli
508 1571 694 1614 ecclesie
727 1571 1034 1615 abirdonensis
1067 1571 1185 1614 beati
1217 1572 1410 1627 nicholaj
1445 1573 1650 1616 videlicet
1685 1575 1842 1617 statuit
1875 1577 1992 1630 quod
2025 1577 2099 1618 do-

292 1641 400 1684 mini
438 1641 571 1683 dauid
604 1655 752 1683 wauss
789 1647 832 1682 et
870 1642 1072 1683 robertus
1110 1642 1244 1695 spark
1281 1656 1358 1696 pro
1395 1650 1553 1696 quarta
1591 1651 1715 1698 parte
1753 1645 1856 1700 annj
1902 1646 2099 1700 proxime

289 1713 443 1755 datam
476 1710 749 1765 presentium
773 1717 1034 1765 sequentem
1058 1711 1253 1753 scribant
1287 1712 1592 1766 colloquentes
1621 1713 1817 1756 ridentes
1843 1714 2016 1757 ociosos
2040 1716 2100 1758 Et

291 1794 373 1823 nos
396 1785 656 1822 constantes
678 1778 722 1820 in
745 1778 881 1821 choro
904 1778 1103 1821 eiusdem
1126 1779 1312 1822 ecclesie
1337 1779 1505 1822 Dietim
1532 1782 1592 1823 Et
1616 1783 1731 1836 quod
1750 1783 1928 1838 aliquod
1946 1799 2100 1827 eorun-

291 1851 392 1892 dem
433 1848 650 1891 facientes
691 1863 770 1904 pro
804 1849 1036 1891 deficiente
1078 1856 1290 1892 notentur
1322 1857 1364 1892 et
1398 1851 1576 1894 soluant
1609 1866 1770 1906 penam
1807 1854 1937 1897 Vnius
1979 1855 2101 1898 horie

290 1919 517 1974 wlgariter
537 1934 620 1962 ane
651 1919 731 1962 falt
765 1934 844 1975 pro
875 1934 962 1962 vno
995 1934 1170 1975 quoque
1202 1928 1244 1962 et
1279 1921 1494 1963 Similiter
1524 1922 1790 1977 incipientes
1820 1926 2101 1980 responsoria

291 1990 360 2032 vel
384 1990 655 2045 antiphonas
678 1990 772 2032 sine
796 1992 1008 2033 mandato
1031 1991 1227 2033 cantoris
1248 1992 1317 2034 vel
1340 1992 1598 2035 deficientes
1624 1994 1669 2035 in
1695 1994 1863 2037 eisdem
1897 1995 2102 2039 similiter

292 2067 505 2102 notentur
541 2067 583 2102 et
621 2061 799 2103 soluant
837 2075 999 2115 penam
1037 2062 1158 2104 omni
1191 2062 1260 2104 die
1294 2063 1468 2105 sabbati
1502 2064 1561 2106 Et
1595 2066 1711 2118 quod
1743 2066 2023 2120 garrulantes
2054 2067 2099 2110 in

292 2131 428 2174 choro
462 2137 538 2173 aut
576 2131 680 2173 alibi
718 2138 760 2173 et
798 2130 982 2173 iniurias
1018 2132 1220 2174 verbales
1257 2132 1357 2174 aliis
1394 2132 1634 2176 inferentes
1670 2149 1772 2177 reus
1808 2135 1953 2178 soluat
1988 2137 2100 2179 duos

293 2200 459 2242 solidos
479 2200 689 2243 fratribus
711 2200 834 2243 chori
861 2202 916 2243 ad
943 2201 1325 2256 agmentationem
1353 2202 1712 2246 distributionem
1745 2205 1799 2246 de
1831 2205 1965 2247 simili
1997 2219 2099 2248 con-

291 2286 425 2314 sensu
449 2272 509 2314 Et
533 2272 742 2327 deinceps
775 2272 848 2327 alij
884 2274 971 2315 duo
994 2288 1072 2328 pro
1095 2275 1290 2316 secunda
1323 2281 1448 2329 parte
1470 2276 1587 2330 Annj
1613 2282 1655 2318 et
1680 2276 1753 2318 Sic
1783 2277 1992 2332 deinceps
2023 2292 2101 2333 per

291 2347 436 2383 totum
459 2356 627 2384 annum
650 2342 884 2384 annuatim
908 2342 1016 2397 ipsis
1049 2343 1293 2398 capellanis
1326 2350 1368 2386 et
1401 2344 1597 2399 capitulo
1630 2346 1910 2400 presentibus
1932 2353 1974 2389 et
1998 2361 2100 2389 con-

291 2411 588 2454 sentientibus
609 2412 891 2467 presentibus
922 2414 1147 2469 preposito
1179 2421 1222 2456 et
1256 2414 1522 2469 quibusdam
1549 2416 1807 2460 consulibus
1838 2417 2099 2460 abirdonen-

291 2481 413 2524 sibus

407 2586 579 2628 Eodem
603 2587 672 2630 die
693 2589 960 2632 venerabilis
982 2596 1024 2631 et
1048 2589 1251 2644 egregius
1268 2589 1334 2632 vir
1355 2591 1571 2646 magister
1591 2592 1793 2634 robertus
1816 2592 2098 2647 elphinstone

290 2656 533 2699 canonicus
556 2671 608 2699 ac
630 2659 966 2702 commissarius
987 2660 1208 2714 generalis
1235 2661 1553 2703 aberdonensis
1585 2663 1638 2704 de
1671 2677 1892 2704 consensu
1916 2662 2098 2717 capituli

289 2725 430 2780 curatj
456 2733 498 2768 et
522 2727 855 2781 capellanorum
879 2729 1185 2784 capitulariter
1206 2738 1578 2786 congregatorum
1611 2732 1734 2774 nullo
1766 2733 2099 2776 contradicente

288 2808 366 2848 pro
403 2796 639 2838 concordia
680 2796 796 2839 inter
834 2798 992 2840 fratres
1034 2799 1217 2854 capituli
1252 2800 1438 2842 ecclesie
1476 2800 1566 2843 diui
1599 2801 1760 2856 nicolaj
1795 2803 1848 2844 de
1880 2803 2098 2845 aberdene

289 2866 405 2917 quod
438 2865 473 2906 si
507 2866 657 2920 aliqua
689 2868 919 2922 contingat
952 2869 1068 2911 inter
1099 2871 1277 2912 eosdem
1316 2871 1534 2914 dissensio
1565 2872 1771 2914 videlicet
1795 2873 2097 2915 controuersia

287 2934 421 2975 verba
458 2933 671 2978 iniuriosa
703 2942 779 2978 aut
813 2936 867 2977 lis
899 2951 1162 2992 quocunque
1200 2940 1331 2982 modo
1369 2939 1504 2982 Illata
1536 2939 1630 2982 siue
1665 2942 1765 2982 Iure
1798 2940 1891 2983 siue
1930 2941 2097 2986 Iniuria
