2524 3418
503 335 581 387 146
1159 332 1286 373 Carta
1309 330 1508 371 Iohannis
1540 329 1632 370 blak

500 462 598 490 mea
621 448 795 503 propria
822 447 1040 501 scriptura
1061 451 1127 487 est
1150 444 1280 486 affixa
1302 444 1431 498 Apud
1453 444 1642 485 eundem
1666 441 1838 485 decimo
1860 448 2017 496 quarto
2039 442 2108 485 die
2130 444 2297 487 mensis

498 518 686 572 Augustj
726 532 842 560 armo
884 515 1050 558 domini
1093 513 1330 556 millesimo
1367 511 1724 567 quingentesimo
1760 519 1834 554 xx⁰
1863 511 2075 554 Testibus
2110 512 2296 557 honora-

499 588 659 630 bilibus
699 594 741 629 et
784 585 979 641 prouidis
1015 583 1120 626 viris
1160 582 1340 626 domino
1384 582 1584 624 Iohanne
1630 581 1891 624 Ruthirfurd
1928 581 2068 623 milite
2103 582 2296 625 Arthuro

500 656 753 709 quuhard
795 653 955 709 gavino
997 666 1175 707 murray
1206 650 1499 705 burgensibus
1539 652 1593 693 de
1633 650 1853 693 Abirdene
1889 650 2093 694 Waltero
2134 653 2298 709 sandry

498 725 730 777 sergiando
752 732 794 766 et
821 723 1036 778 Magistro
1069 722 1201 765 dauid
1228 721 1488 764 nicholsone
1521 720 1709 764 Notario
1735 720 1911 775 publico
1933 726 1976 764 et
1999 720 2143 765 scriba
2165 722 2297 766 Curie

498 807 574 847 pro
596 800 794 848 tempore

667 933 765 974 Hec
801 938 868 974 est
900 946 1003 974 vera
1036 930 1177 986 Copia
1213 929 1470 985 principalis
1507 935 1628 972 carte
1659 928 1935 972 fundationis
1966 929 2220 973 donationis
2252 937 2296 974 et

666 1001 966 1044 concessionis
992 1001 1053 1043 nil
1083 1001 1286 1044 addendo
1318 1014 1399 1042 nec
1428 999 1716 1042 diminuendo
1745 1000 1861 1054 quod
1893 999 1955 1042 rei
1988 1000 2293 1044 substanciam

666 1078 807 1115 mutet
852 1077 928 1115 aut
974 1071 1259 1114 Intellectum
1296 1069 1436 1113 variet
1473 1071 1549 1112 sed
1586 1069 1819 1125 principalj
1865 1069 1909 1111 in
1946 1069 2153 1129 omnibus
2193 1084 2294 1113 eon-

665 1143 854 1185 cordans
904 1141 1093 1184 fideliter
1137 1139 1302 1195 scripta
1344 1146 1387 1182 et
1429 1139 1725 1182 collacionata
1776 1153 1852 1194 per
1903 1153 1973 1182 me
2026 1139 2293 1195 Magistrum

664 1211 866 1253 thomam
895 1224 1042 1264 zoung
1067 1209 1303 1252 Notarium
1333 1209 1560 1264 publicum
1589 1211 1670 1252 sub
1697 1209 1808 1251 meis
1835 1208 1972 1263 Signo
2000 1215 2043 1252 et
2075 1209 2294 1265 subscrip-

664 1281 784 1324 tione
809 1279 1095 1322 Manualibus
1117 1279 1161 1321 in
1184 1279 1491 1322 consimilibus
1514 1278 1752 1322 Consuetis
1774 1285 1816 1321 et
1839 1278 2015 1321 vsitatis

559 995 602 1266 uqumfionqo

1282 1557 1496 1598 LXXIX.

198 1722 333 1754 s01·591
562 1701 599 1741 N
649 1698 717 1740 dei
769 1695 948 1738 nomine
989 1697 1132 1737 Amen
1182 1709 1259 1750 per
1299 1695 1383 1737 hoc
1431 1708 1614 1749 presens
1661 1693 1887 1750 publicum
1938 1695 2292 1739 Instrumentum

618 1766 805 1811 Cunctis
836 1772 988 1820 pateat
1021 1765 1250 1808 euidenter
1280 1766 1396 1820 quod
1427 1766 1558 1807 Anno
1591 1764 1920 1808 Incarnationis
1948 1764 2168 1808 dominice
2198 1765 2294 1808 mil-

198 1823 375 1898 {zsnsffissio
491 1837 648 1880 lesimo
689 1834 1048 1891 quingentesimo
1092 1834 1309 1889 vigesimo
1355 1840 1513 1890 quarto
1564 1834 1731 1877 mensis
1775 1848 1878 1877 vero
1921 1834 2294 1879 Decembrisaedie

197 1911 348 1959 redditus
364 1910 442 1952 xviij
490 1907 723 1951 vndecimo
755 1905 1044 1961 pontificatus
1075 1904 1348 1960 sanctissimj
1385 1905 1429 1947 in
1462 1904 1642 1948 Christo
1674 1904 1814 1960 patris
1845 1919 1896 1947 ac
1925 1904 2093 1947 domini
2124 1905 2292 1948 domini

199 1954 429 2038 Ξέιξέῗζῐιξᾋεῐ
490 1977 630 2020 nostri
652 1975 886 2020 clementis
908 1975 1060 2018 diuina
1085 1974 1373 2030 prouidencia
1404 1989 1517 2030 pape
1549 1974 1726 2030 septimj
1759 1989 1875 2018 anno
1905 1976 2100 2018 secundo
2130 1977 2182 2018 In
2205 1975 2292 2018 mei

198 2041 430 2115 {ffi‘r’fbssem
490 2047 649 2101 notarij
696 2045 859 2101 publiej
899 2051 942 2087 et
974 2044 1158 2087 testium
1192 2044 1574 2100 infrascriptorum
1606 2044 1836 2100 presencia
1868 2044 2160 2100 personaliter
2190 2059 2292 2088 con-

200 2128 386 2159 Iohannem
491 2116 676 2159 stitutus
703 2114 922 2158 Prouidus
952 2114 1019 2157 vir
1051 2115 1276 2157 Iohannes
1309 2114 1412 2158 blak
1443 2114 1677 2170 burgensis
1705 2116 1758 2157 de
1784 2114 1993 2158 abirdene
2022 2115 2124 2157 Non
2145 2114 2189 2157 vi
2215 2121 2291 2158 aut

199 2171 437 2245 ggsskdlgurgen-
491 2193 613 2229 metu
645 2187 806 2228 ductus
837 2199 919 2228 nec
950 2199 1096 2228 errore
1132 2185 1286 2240 lapsus
1317 2199 1395 2228 seu
1427 2184 1585 2240 quouis
1616 2185 1717 2228 dolo
1749 2185 2080 2227 circumuentus
2112 2191 2178 2227 set
2210 2200 2292 2229 sua

200 2257 358 2289 abirdene
491 2269 613 2298 mera
634 2269 744 2310 pura
766 2261 809 2297 et
832 2260 1080 2310 spontanea
1096 2254 1328 2297 voluntate
1346 2254 1496 2297 animo
1513 2268 1601 2297 non
1618 2253 1818 2297 variandi
1832 2260 1881 2297 ut
1904 2253 2108 2309 apparuit
2123 2254 2290 2298 Totum

201 2343 284 2375 This
301 2343 437 2375 annuen
491 2332 534 2368 et
571 2325 793 2380 integrum
825 2325 950 2367 illum
983 2339 1181 2368 annuum
1214 2324 1436 2368 redditum
1474 2339 1603 2367 suum
1636 2323 1883 2368 octodecim
1915 2323 2156 2367 solidorum
2188 2339 2290 2368 cum

200 2397 313 2461 {2¹¹ssssss
326 2387 455 2472 3³22),-
491 2394 779 2451 pertinenciis
814 2394 1046 2438 annuatim
1084 2400 1320 2438 exeuntem
1356 2401 1400 2437 et
1437 2394 1676 2438 leuandum
1714 2395 1769 2437 ad
1801 2395 1912 2437 duos
1943 2394 2046 2449 annj
2077 2394 2292 2438 terminos

199 2479 311 2504 ments
490 2465 669 2507 vsuales
710 2464 982 2519 penticostes
1018 2464 1223 2507 videlicet
1260 2471 1302 2507 et
1340 2464 1494 2519 Sanetj
1531 2463 1709 2518 martinj
1749 2463 1794 2506 in
1834 2478 1962 2519 yeme
1998 2478 2076 2519 per
2110 2465 2292 2519 equales

199 2516 359 2592 {iiidpaiiin
492 2533 724 2589 porciones
755 2534 808 2576 de
842 2540 939 2576 tota
975 2539 1018 2576 et
1054 2532 1227 2588 integra
1262 2540 1380 2577 terra
1412 2534 1635 2588 quondam
1668 2532 1894 2576 alexandri
1925 2533 2086 2576 tulidef
2112 2533 2292 2589 pistoris

494 2605 675 2646 Iacente
711 2602 823 2646 infra
863 2604 1032 2645 dictum
1074 2604 1261 2658 burgum
1304 2603 1348 2645 in
1386 2602 1531 2658 capite
1566 2602 1651 2645 vici
1693 2602 1910 2645 inferioris
1951 2602 2137 2646 ecclesie
2177 2602 2293 2646 inter

491 2679 656 2716 terram
693 2671 800 2715 dieti
845 2673 1060 2715 Iohannis
1095 2673 1199 2717 blak
1234 2687 1287 2716 ex
1323 2672 1524 2728 orientalj
1565 2686 1617 2715 ex
1652 2686 1739 2716 vna
1776 2678 1819 2716 et
1856 2687 2140 2716 communem
2170 2672 2290 2717 viam

492 2741 659 2796 regiam
683 2756 735 2784 ex
757 2741 1020 2797 occidentalj
1053 2742 1254 2798 partibus
1285 2743 1339 2786 ab
1372 2743 1511 2785 altera
1539 2748 1703 2785 terram
1727 2744 1950 2797 quondam
1974 2742 2107 2786 dauid
2136 2744 2290 2786 ander-

493 2825 600 2853 sone
635 2825 789 2853 versus
825 2817 1026 2853 austrum
1072 2817 1115 2853 et
1152 2825 1435 2854 communem
1471 2810 1589 2853 viam
1626 2810 1793 2865 regiam
1829 2825 1984 2853 versus
2025 2812 2203 2854 boream
2238 2812 2290 2853 In

494 2880 700 2923 manibus
740 2881 1014 2924 honorabilis
1054 2881 1226 2937 patricij
1266 2881 1389 2924 leslie
1424 2881 1555 2924 vnius
1590 2881 1856 2925 balliuorum
1898 2881 2004 2925 dicti
2045 2881 2170 2938 burgi
2214 2896 2292 2937 per

493 2964 628 2992 vnum
652 2950 881 2994 denarium
905 2951 957 2994 de
980 2951 1138 2995 outtoll
1171 2965 1346 2994 sursum
1378 2951 1566 2994 reddidit
1595 2965 1789 3007 pureque
1811 2958 1854 2994 et
1877 2950 2138 3008 simpliciter
2157 2951 2290 3007 resig-
