2524 3418
164 1107 219 1137 fol.
238 1107 276 1139 27

459 292 512 332 66
750 294 965 335 Fundacio
997 293 1195 335 Duncam‘
1226 293 1401 335 Sclzcrar
1431 292 1485 334 ad
1515 292 1644 334 altaro
1676 293 1821 335 Sancti
1851 293 1966 335 Petri

459 406 722 450 occidentali
745 415 869 462 parte
891 415 933 450 et
957 421 1238 450 communem
1261 406 1379 449 viam
1404 406 1591 461 Regiam
1615 421 1667 448 ex
1688 406 1891 450 orientali
1909 414 2033 462 parte
2054 414 2097 450 et
2113 423 2249 452 vnum

459 490 655 519 annuum
677 478 916 520 Redditum
934 477 1090 531 viginti
1108 476 1347 519 solidorum
1366 478 1418 518 (16
1435 482 1552 519 terra
1571 476 1785 518 Iohannis
1802 477 2056 520 Collisoune
2072 480 2252 522 Iacente

460 546 501 587 in
524 547 621 589 vico
652 548 872 590 furcarum
896 563 947 589 ex
980 546 1182 589 orientali
1214 553 1338 601 parte
1360 546 1557 588 eiusdem
1579 545 1664 588 vici
1696 545 1812 588 inter
1842 553 2005 589 terram
2029 549 2251 602 quondam

459 615 673 658 Willelmi
708 618 902 671 Cantuly
932 631 984 658 ex
1015 616 1199 659 australi
1233 622 1357 670 parte
1389 630 1441 658 ex
1471 630 1558 659 vna
1589 622 1632 658 et
1665 622 1827 659 terram
1852 617 2063 660 Richardi
2096 618 2174 660 hill
2200 632 2253 661 ex

458 686 609 728 boriali
633 687 831 740 partibus
853 688 907 729 ab
929 688 1069 728 altera
1100 687 1158 728 Et
1181 700 1317 728 vnum
1340 700 1538 728 annuum
1570 686 1811 729 Redditum
1833 686 1989 741 viginti
2012 687 2252 730 solidorum

457 757 509 797 de
541 763 656 799 terra
678 757 844 799 domini
879 757 1092 799 Iohannis
1126 756 1413 798 Ruthirfurde
1446 755 1600 798 militis
1634 757 1814 799 Iacente
1836 756 1880 798 in
1901 756 1999 799 vico
2031 757 2254 811 superiore

457 825 642 867 ecclesie
663 825 769 867 dicti
793 825 917 879 burgi
940 840 992 867 ex
1013 824 1197 868 australi
1220 831 1345 879 parte
1368 824 1565 866 eiusdem
1591 824 1675 867 vici
1701 826 1823 867 Inter
1853 832 2016 868 terram
2041 825 2253 869 Richardi

458 895 517 935 W
521 908 625 936 auss
665 909 717 936 ex
759 894 962 937 orientali
1006 909 1059 936 ex
1100 909 1188 937 vna
1231 901 1274 937 et
1317 901 1559 937 torrentem
1601 902 1850 938 currentem
1895 910 1948 938 ex
1990 895 2254 939 occidentali

457 965 656 1018 partibus
677 967 732 1009 ab
755 967 893 1009 altera
925 973 967 1008 et
991 980 1275 1008 communem
1304 966 1422 1008 viam
1455 966 1621 1021 regiam
1644 981 1798 1009 versus
1820 968 1998 1010 boream
2025 973 2067 1009 et
2090 973 2253 1010 terram

457 1037 679 1088 quondam
711 1036 864 1078 thome
896 1036 1114 1080 Cullanne
1135 1051 1289 1078 versus
1311 1042 1512 1078 austrum
1543 1037 1602 1078 Et
1624 1051 1760 1078 vnum
1783 1051 1981 1079 annuum
2013 1037 2255 1080 Redditum

457 1104 650 1160 quinque
676 1106 916 1149 solidorum
949 1108 1002 1150 de
1033 1114 1150 1150 terra
1172 1106 1390 1150 Willelmi
1421 1107 1574 1150 Amfra
1598 1108 1778 1149 Iacente
1800 1107 1844 1148 in
1874 1109 2012 1161 burgo
2034 1108 2088 1149 de
2110 1106 2257 1149 kintor

457 1175 495 1216 le
518 1176 624 1230 perk
640 1184 798 1220 vocata
821 1192 873 1219 ex
894 1177 1058 1221 boreali
1082 1184 1206 1232 parte
1228 1177 1426 1219 eiusdem
1448 1176 1532 1231 vicj
1557 1176 1672 1218 inter
1692 1183 1856 1219 terram
1881 1176 2095 1219 Iohannis
2117 1182 2256 1218 smart

456 1258 508 1284 ex
530 1244 732 1288 orientali
754 1260 807 1288 6)(
827 1261 914 1289 vna
936 1253 978 1289 et
1001 1246 1148 1289 lacurn
1171 1245 1278 1288 dicti
1300 1245 1426 1300 burgi
1448 1260 1501 1287 ex
1529 1244 1793 1288 occidentali
1819 1245 2019 1300 partibus
2041 1246 2096 1288 ab
2118 1245 2258 1288 altera

458 1317 517 1357 Et
543 1329 679 1356 vnum
708 1329 906 1357 annuum
939 1315 1160 1357 redditum
1184 1315 1377 1370 quinque
1410 1315 1651 1357 solidorum
1684 1316 1737 1357 de
1768 1321 1884 1358 terra
1906 1315 2013 1370 dicti
2044 1314 2259 1357 Iohannis

458 1391 595 1427 smart
639 1386 818 1427 Iacente
860 1400 912 1427 ex
956 1385 1140 1428 australi
1187 1391 1312 1440 parte
1354 1384 1552 1427 eiusdem
1589 1384 1673 1427 vici
1707 1385 1823 1427 inter
1852 1392 2016 1428 terram
2045 1385 2258 1428 heredum

458 1456 682 1510 quondam
718 1455 932 1498 Iohannis
963 1456 1108 1498 sorbes
1145 1470 1197 1498 ex
1228 1455 1432 1498 orientali
1465 1470 1517 1497 ex
1547 1469 1635 1498 vna
1671 1461 1714 1498 et
1747 1455 1881 1498 aliam
1913 1462 2076 1499 terram
2111 1455 2260 1511 Ipsius

459 1524 674 1568 Iohannis
715 1532 854 1567 smart
891 1540 943 1567 ex
979 1525 1245 1568 occidentali
1287 1525 1487 1579 partibus
1523 1526 1578 1568 ab
1615 1525 1754 1568 altera
1792 1526 1852 1567 Et
1887 1539 2024 1568 vnum
2060 1539 2259 1568 annuum

460 1594 702 1637 Redditum
735 1601 925 1649 quatuor
956 1594 1196 1637 solidorum
1230 1596 1283 1636 de
1306 1595 1478 1637 duabus
1511 1594 1655 1637 Rudis
1680 1594 1786 1637 dicti
1811 1595 2025 1638 Iohannis
2046 1601 2185 1638 smart
2208 1610 2261 1638 ex

459 1664 642 1708 australi
665 1671 790 1719 parte
812 1664 1009 1707 eiusdem
1032 1664 1117 1707 vici
1139 1665 1254 1706 inter
1274 1671 1438 1707 terram
1473 1663 1688 1707 Iohannis
1719 1665 1891 1719 dennys
1913 1680 1966 1707 6)(
1997 1664 2262 1708 occidentali

459 1742 584 1791 parte
607 1742 649 1778 et
673 1749 955 1777 communem
978 1735 1197 1777 venellam
1221 1749 1273 1776 ex
1294 1734 1498 1777 orientali
1520 1741 1645 1789 parte
1678 1735 1738 1777 Et
1759 1749 1896 1777 vnum
1919 1749 2118 1778 annuum
2147 1735 2262 1777 Red-

461 1805 603 1848 ditum
625 1805 759 1848 trium
783 1805 1023 1848 solidorum
1042 1807 1095 1847 de
1113 1812 1303 1860 quatuor
1322 1805 1464 1847 Rudis
1481 1804 1699 1848 Willelmi
1719 1805 1988 1847 thomsoune
2006 1804 2263 1848 lacentibus

461 1875 505 1918 in
529 1876 648 1918 dicto
670 1877 808 1931 burgo
831 1877 883 1918 de
906 1875 1053 1918 kintor
1084 1890 1137 1917 ex
1168 1875 1332 1918 boreali
1355 1881 1480 1930 parte
1501 1875 1570 1917 vie
1602 1875 1720 1930 regie
1743 1875 1858 1917 inter
1882 1882 2023 1918 terras
2044 1874 2263 1919 Willelmi

462 1945 551 2000 myl
575 1959 627 1987 ex
649 1945 812 1987 boreali
835 1951 878 1987 et
901 1945 1104 1987 orientali
1126 1945 1327 1999 partibus
1349 1951 1392 1987 et
1414 1959 1550 1987 vnum
1574 1959 1772 1987 annuum
1802 1945 2044 1987 Redditum
2077 1946 2263 1987 duorum

463 2015 704 2058 solidorum
727 2017 780 2058 de
797 2016 969 2058 duabus
993 2015 1136 2058 Rudis
1152 2016 1328 2057 Andree
1345 2015 1458 2057 kelle
1477 2014 1734 2057 Iacentibus
1750 2014 1862 2057 infra
1884 2014 2052 2056 dictum
2075 2015 2262 2068 burgum

463 2087 517 2128 de
549 2085 697 2128 kintor
727 2100 780 2128 ex
811 2085 995 2128 australi
1028 2092 1153 2140 parte
1185 2085 1301 2128 dicte
1332 2085 1436 2127 ville
1468 2100 1655 2140 quarum
1683 2100 1771 2128 vna
1805 2087 1927 2128 Iacet
1953 2085 2069 2128 inter
2098 2091 2262 2127 terram

464 2156 700 2210 hospitalis
741 2156 896 2199 Sancti
936 2156 1090 2198 thome
1131 2157 1184 2198 de
1225 2155 1446 2198 Abirdene
1488 2170 1540 2197 ex
1581 2155 1784 2198 orientali
1825 2170 1878 2197 ex
1917 2169 2004 2198 vna
2045 2161 2088 2197 et
2123 2161 2265 2197 terras

464 2226 642 2281 fergusij
668 2226 818 2281 philpe
840 2240 892 2268 6)(
914 2225 1179 2268 occidentali
1202 2225 1402 2280 partibus
1424 2226 1478 2268 ab
1501 2226 1640 2268 altera
1664 2227 1724 2268 Et
1747 2225 1834 2268 alia
1857 2226 1988 2267 Ruda
2011 2226 2133 2267 Iacet
2151 2224 2266 2267 inter

464 2303 628 2339 terram
668 2295 884 2339 Iohannis
919 2296 1033 2338 kelle
1069 2310 1122 2338 6)(
1162 2295 1366 2338 orientali
1402 2302 1527 2350 parte
1563 2302 1606 2338 et
1642 2302 1805 2339 terram
1847 2294 2082 2350 hospitalis
2122 2294 2266 2337 sancti

466 2367 620 2409 thome
661 2380 714 2408 ex
753 2366 1019 2409 occidentali
1060 2373 1186 2421 parte
1227 2367 1288 2408 Et
1328 2380 1465 2408 vnum
1507 2380 1705 2409 annuum
1749 2365 1990 2408 Redditum
2032 2364 2266 2408 duodecim

468 2436 748 2480 denariorum
781 2437 834 2478 de
865 2437 1037 2479 duabus
1067 2436 1209 2479 Rudis
1243 2436 1500 2479 lacentibus
1530 2435 1574 2478 in
1607 2437 1762 2478 eodem
1794 2436 1932 2490 burgo
1963 2434 2079 2477 inter
2101 2440 2266 2477 terram

471 2506 686 2549 Iohannis
709 2513 848 2549 smart
863 2521 915 2548 ex
932 2506 1196 2549 occidentali
1215 2513 1339 2561 parte
1357 2512 1400 2548 et
1417 2512 1580 2549 terram
1604 2505 1710 2548 dicti
1733 2505 1967 2560 hospitalis
1989 2519 2042 2547 ex
2063 2503 2267 2547 orientali

469 2584 594 2632 parte
618 2577 899 2619 INSUPER
923 2577 1150 2619 Noueritis
1172 2591 1242 2619 me
1264 2576 1438 2619 dedisse
1460 2576 1734 2618 concessisse
1756 2582 1798 2618 et
1822 2576 1906 2618 hac
1928 2575 2122 2630 presenti
2145 2580 2268 2618 carta

471 2663 570 2691 mea
612 2648 900 2690 confirmasse
939 2647 1266 2690 venerabilibus
1305 2647 1410 2689 viris
1446 2646 1639 2689 dominis
1674 2646 1900 2700 magistris
1941 2644 2184 2700 capellanis
2225 2650 2268 2686 et

472 2718 619 2774 pueris
639 2718 836 2760 fundatis
859 2724 901 2759 et
922 2717 1161 2759 fundandis
1184 2719 1236 2759 In
1260 2718 1390 2759 Nouo
1414 2716 1611 2771 Collegio
1632 2715 1937 2758 vniuersitatis
1963 2713 2270 2758 abirdonensis

472 2803 608 2830 vnum
631 2803 829 2830 annuum
859 2788 1100 2829 Redditum
1121 2787 1279 2842 viginti
1297 2787 1538 2830 solidorum
1561 2786 1793 2830 annuatim
1816 2786 2056 2829 leuandum
2078 2785 2132 2827 de
2152 2790 2270 2826 ‘terra

477 2858 688 2900 Richardi
723 2858 785 2899 hil
824 2859 1004 2900 Iacente
1036 2857 1081 2898 in
1118 2857 1236 2899 dicto
1273 2859 1410 2912 burgo
1447 2856 1728 2899 abirdonensi
1760 2857 1804 2898 in
1835 2856 1932 2898 vico
1963 2856 2185 2898 furcarum
2217 2868 2270 2895 ex

475 2928 678 2970 orientali
700 2935 825 2983 parte
847 2928 1044 2970 eiusdem
1067 2928 1150 2983 vicj
1175 2927 1290 2970 inter
1310 2934 1473 2971 terram
1498 2927 1713 2971 Iohannis
1735 2926 1990 2972 Collisoune
2012 2939 2065 2968 ex
2086 2922 2270 2968 australi
