2524 3418
731 294 956 337 Commune
987 294 1159 336 Rentale
1191 294 1510 350 capellanorum
1541 295 1696 337 ecclesie
2039 311 2118 354 199

430 410 544 451 Item
572 409 831 465 capellanus
853 410 981 452 beate
1004 409 1143 452 marie
1164 416 1342 452 tenetur
1365 410 1569 453 similiter
1591 411 1762 453 soluere
1786 411 1952 454 eisdem
1976 413 2119 468 capel-

312 478 427 521 lanis
445 493 522 533 pro
545 480 716 521 duobus
739 478 932 520 obitibus
954 478 1156 532 magistri
1181 479 1364 521 Ioannis
1387 480 1526 522 smale
1548 479 1753 522 videlicet
1778 480 1915 523 missa
1939 483 1991 524 de
2014 490 2120 525 nota

314 562 416 589 cum
445 547 661 602 trigintali
691 553 904 601 sequente
937 548 992 589 ad
1017 547 1178 589 festum
1208 548 1459 590 natiuitatis
1488 548 1605 591 beati
1641 549 1824 591 Ioannis
1856 550 2050 604 baptiste
2077 558 2119 592 et

314 616 401 658 alio
423 616 639 670 trigintali
661 617 717 657 ad
738 616 901 657 festum
926 616 1069 657 sancti
1092 616 1271 670 martinj
1297 616 1340 658 in
1364 617 1508 659 hieme
1527 618 1580 659 de
1597 624 1714 659 terra
1733 619 1957 672 quondam
1981 619 2120 673 ipsius

315 685 517 740 magistri
542 683 756 727 Iohannis
780 685 919 726 smale
942 698 1059 726 nunc
1083 684 1328 739 capellanie
1351 685 1479 727 beate
1502 700 1617 728 anne
1639 686 1889 741 pertinente
2022 702 2078 730 xx
2101 702 2120 729 s

431 754 618 795 Summa
640 752 773 794 huius
794 767 850 793 xx
873 767 893 794 s

431 824 546 865 Item
580 836 657 877 pro
691 822 814 864 obitu
843 821 1045 876 magistri
1078 822 1231 864 thome
1264 837 1388 865 waus
1420 824 1693 878 precentoris
1722 826 1945 879 quondam
1979 841 2121 869 mora-

314 893 481 935 uiensis
523 907 574 935 ac
616 891 817 946 canonicj
863 892 1169 934 abirdonensis
1218 893 1461 947 capellanis
1503 894 1646 936 sancti
1689 895 1868 950 martinj
1913 911 2120 951 premeue

312 962 586 1005 fundationis
603 961 788 1016 predicti
807 961 1009 1015 magistri
1026 961 1178 1003 thome
1197 963 1252 1004 ad
1270 962 1409 1005 altare
1427 964 1675 1018 predictum
1693 971 1870 1007 tenetur
1887 966 2120 1008 annuatim

314 1032 486 1074 soluere
523 1030 767 1086 capellanis
803 1030 924 1085 chorj
963 1031 1150 1085 predicti
1182 1045 1260 1086 pro
1293 1031 1432 1074 missa
1463 1034 1516 1075 de
1548 1039 1655 1075 nota
1689 1040 1731 1076 et
1765 1034 1981 1089 trigintali
2018 1050 2119 1078 cum

312 1102 534 1145 locatione
569 1102 719 1144 tabule
752 1107 794 1143 et
827 1115 928 1144 cera
960 1107 1008 1143 ut
1041 1101 1177 1143 moris
1210 1108 1276 1144 est
1308 1102 1353 1144 in
1386 1102 1505 1146 dicta
1541 1103 1730 1147 ecclesia
1765 1118 1843 1159 pro
1881 1119 1967 1159 quo
2002 1105 2119 1147 idem

313 1172 575 1228 capellanus
606 1171 859 1214 infeodatur
1866 1174 1940 1229 xiij
1966 1189 1986 1217 s
2008 1174 2069 1230 iiij
2094 1175 2121 1218 d

431 1242 619 1284 Summa
641 1240 775 1284 huius
797 1240 871 1295 xiij
897 1254 919 1282 s
940 1239 1001 1294 iiij
1027 1241 1054 1282 d

430 1312 546 1353 Item
575 1325 653 1366 pro
682 1309 821 1353 missa
849 1312 902 1353 de
932 1324 1113 1365 corpore
1142 1310 1264 1353 cristi
1294 1311 1489 1366 qualibet
1520 1313 1715 1354 secunda
1743 1311 1851 1355 feria
1880 1313 2122 1357 solenniter

313 1380 369 1423 ad
402 1394 628 1422 summurn
662 1379 803 1422 altare
825 1393 903 1434 pro
931 1394 1018 1434 qua
1047 1379 1185 1422 missa
1214 1380 1433 1435 capellani
1466 1380 1749 1423 infeodantur
1774 1382 1827 1423 de
1854 1382 2122 1425 molendinis

314 1449 553 1506 Iusticiarij
598 1464 676 1505 per
715 1450 990 1505 prepositum
1033 1450 1224 1493 balliuos
1269 1451 1475 1493 consules
1517 1457 1559 1493 et
1602 1451 1972 1494 communitatem
2015 1452 2121 1495 dicti

311 1519 439 1575 burgj
1910 1521 1970 1576 iiij
1996 1522 2055 1565 lib
2078 1529 2121 1565 et

429 1590 514 1631 Pro
550 1603 639 1631 non
676 1588 896 1632 solutione
933 1589 1049 1632 dicte
1087 1589 1222 1631 misse
1255 1589 1477 1644 preteritis
1511 1596 1553 1632 et
1587 1589 1751 1645 elapsis
1786 1591 2062 1646 temporibus
2091 1591 2118 1646 ij

313 1673 566 1702 marearum
596 1660 651 1702 ad
679 1666 858 1714 tempus
884 1665 933 1702 ut
961 1659 1137 1715 plenius
1169 1660 1423 1702 continetur
1450 1660 1494 1702 in
1524 1660 1684 1703 litteris
1716 1661 1846 1704 dictis
1878 1662 2122 1717 capellanis

314 1730 502 1785 desuper
523 1729 641 1772 datis

431 1801 546 1842 Item
579 1814 657 1855 pro
690 1799 905 1855 magistro
938 1801 1103 1842 andrea
1135 1800 1209 1842 hal
1241 1800 1521 1843 thesaurario
1550 1800 1857 1844 abirdonensis
1879 1807 1922 1843 et
1945 1800 2121 1844 officiali

313 1869 511 1912 eiusdem
545 1884 624 1924 pro
655 1869 799 1924 prima
832 1869 970 1911 missa
1003 1869 1198 1923 quotidie
1230 1870 1285 1911 ad
1315 1884 1542 1912 summum
1575 1870 1716 1912 altare
1748 1869 1966 1925 capellani
1999 1870 2121 1912 chori

312 1938 596 1981 infeodantur
626 1938 953 1993 imperpetuum
981 1939 1034 1981 de
1060 1937 1252 1980 dimedio
1281 1938 1420 1980 rethis
1452 1939 1505 1981 de
1533 1938 1573 1981 le
1600 1939 1740 1981 furdis
1772 1939 1957 1981 assidati
1986 1954 2122 1993 quon-

313 2010 415 2052 dam
448 2008 688 2051 alexandro
721 2007 944 2050 malisoun
972 2014 1016 2049 et
1037 2007 1159 2049 vxori
1193 2021 1271 2049 sue
1303 2013 1346 2049 et
1379 2021 1497 2050 nunc
1518 2007 1641 2050 vxori
1674 2022 1752 2050 sue
1783 2009 1971 2050 durante
2003 2008 2122 2050 dicta

312 2077 586 2121 assidatione
2013 2092 2040 2119 v
2062 2077 2122 2120 lib

430 2149 545 2190 Item
568 2162 647 2202 pro
669 2148 825 2190 eodem
843 2147 896 2189 de
913 2146 1043 2189 terris
1065 2148 1118 2189 de
1135 2146 1314 2189 findone
1330 2145 1536 2190 videlicet
1559 2146 1869 2202 achnaquiack
1890 2153 1933 2189 et
1956 2148 2122 2190 arnabo

312 2224 442 2274 prout
465 2218 510 2260 in
533 2217 876 2260 mortificatione
899 2217 1097 2260 eiusdem
1121 2217 1263 2259 lacius
1285 2217 1475 2259 habetur
2034 2217 2077 2258 xl
2101 2231 2122 2258 s

430 2289 545 2330 Item
568 2302 647 2342 pro
673 2288 829 2329 eodem
856 2287 909 2329 de
935 2292 1052 2328 terra
1079 2287 1304 2341 quondam
1327 2285 1546 2329 Willelmi
1572 2286 1775 2328 buchane
1798 2285 1978 2341 pistoris
2003 2300 2121 2328 nunc

313 2360 475 2401 andree
497 2358 702 2401 buchane
725 2357 918 2400 Iunioris
939 2356 1119 2412 pistoris
1143 2358 1324 2399 Iacente
1346 2356 1391 2398 in
1412 2355 1510 2399 vico
1531 2357 1755 2399 furcarum
1854 2355 1927 2410 viij
1954 2370 1974 2397 s
1995 2355 2068 2410 viij
2095 2356 2121 2397 d

430 2429 545 2471 Item
571 2443 649 2483 pro
679 2429 834 2470 eodem
864 2428 917 2469 de
945 2434 1063 2470 terra
1089 2428 1314 2481 quondam
1345 2426 1560 2469 Iohannis
1588 2426 1784 2469 loudoris
1812 2440 1930 2468 nune
1959 2427 2121 2467 andree

311 2498 501 2541 tailzour
522 2499 567 2541 in
588 2498 686 2542 vico
708 2500 864 2541 eodem
1888 2496 1928 2551 xj
1954 2510 1974 2537 s
1996 2495 2068 2550 viij
2094 2496 2121 2537 d

429 2569 617 2611 Summa
643 2568 844 2611 omnium
867 2583 946 2623 pro
968 2568 1111 2623 prima
1137 2568 1275 2610 missa
1296 2568 1369 2622 viij
1399 2567 1459 2610 lib
1485 2567 1544 2622 iiij
1575 2568 1601 2609 d
1628 2573 1694 2609 set
1721 2568 1773 2609 de
1800 2566 1919 2609 dicta
1943 2580 2119 2608 summa

313 2639 533 2694 capellani
565 2639 740 2682 soluent
772 2639 1016 2695 capellanis
1048 2639 1233 2682 ecclesie
1256 2638 1524 2684 cathedralis
1547 2636 1854 2681 abirdonensis
1886 2635 2118 2678 annuatim

1863 2705 1937 2760 xiij
1963 2720 1983 2747 s
2006 2705 2066 2760 iiij
2092 2706 2119 2748 d

428 2786 471 2822 et
494 2779 557 2823 sic
579 2795 658 2835 pro
681 2780 800 2823 dicta
821 2780 960 2823 missa
981 2779 1215 2822 annuatim
1851 2776 1908 2830 vij
1935 2776 1994 2818 lib
2015 2775 2072 2830 vij
2098 2790 2119 2817 s

430 2851 617 2894 Summa
638 2850 792 2893 totalis
813 2851 946 2893 huius
968 2850 1104 2893 misse
1237 2902 1239 2904 q
1827 2846 1883 2901 vij
1909 2846 1993 2888 libs
2014 2846 2071 2901 vij
2098 2860 2119 2888 s
