2524 3418
772 342 945 384 Rentale
976 342 1158 384 obituum
1190 346 1226 384 et
1254 342 1656 385 Anniuersariorum
2046 358 2127 398 213

435 457 724 500 Honorabilis
751 457 818 499 vir
850 471 1099 512 magneque
1132 458 1364 512 prudentie
1396 465 1439 500 et
1471 458 1652 500 honoris
1676 459 1877 500 Andreas
1911 459 2124 501 alansone

320 529 544 583 quondam
571 527 822 583 prepositus
852 528 984 571 huius
1011 528 1136 584 burgi
1159 530 1212 571 de
1235 528 1442 571 abirdene
1474 528 1678 571 fundauit
1712 528 2007 583 capellaniam
2031 544 2124 584 per-

318 604 499 652 petuam
542 597 695 640 altaris
736 598 864 640 beate
906 597 1043 640 marie
1085 598 1348 653 magdalene
1397 598 1510 640 infra
1544 598 1780 640 ecclesiam
1823 598 2124 653 parochialem

319 666 516 709 eiusdem
548 665 721 709 fundati
754 667 807 708 de
841 667 1013 709 duabus
1044 666 1174 709 terris
1206 667 1523 709 collateraliter
1546 666 1803 709 lacentibus
1835 666 1880 708 in
1911 666 2009 709 vico
2039 667 2126 709 fur-

319 751 472 779 carum
496 737 556 778 Et
579 737 632 778 de
656 736 828 779 duobus
850 736 1001 778 croftis
1019 752 1110 779 sow
1127 737 1238 779 croft
1261 743 1304 779 et
1327 737 1367 779 le
1390 737 1542 792 calsay
1559 737 1668 779 croft
1686 737 1857 779 vocatis
1879 738 1932 779 de
1955 738 2127 780 duabus

319 807 481 850 marcis
523 809 575 850 de
616 807 745 850 terris
787 822 871 862 que
911 806 1089 850 fuerunt
1127 807 1233 849 olim
1273 807 1489 849 Iohannis
1525 807 1710 850 blinsele
1747 807 1791 849 in
1829 808 1868 849 16
1905 821 2038 862 grene
2076 822 2129 849 ex

318 877 522 919 orientali
554 876 639 918 vici
673 891 751 932 per
783 891 913 931 quem
950 877 1046 918 Itur
1077 877 1132 918 ab
1165 876 1353 918 ecclesia
1389 876 1506 918 beati
1546 876 1768 931 Nicholaij
1804 878 1859 919 ad
1891 876 2127 919 ecclesiam

318 947 505 989 fratrum
549 946 882 989 carmelitarum
920 948 973 989 de
1011 946 1206 1001 quinque
1244 961 1264 988 s
1301 946 1345 987 in
1381 947 1477 1002 futy
1509 948 1562 988 de
1597 953 1714 989 terra
1750 961 1869 989 nunc
1913 947 2128 989 Iohannis

317 1018 489 1060 talzour
510 1019 563 1060 de
586 1018 729 1060 decim
752 1033 773 1060 s
795 1019 848 1060 de
873 1019 1054 1072 Integra
1071 1024 1188 1059 terra
1211 1016 1415 1060 orientali
1438 1018 1751 1072 propinquiore
1773 1024 1888 1061 terre
1912 1018 2128 1061 Iohannis

320 1087 536 1142 Stephanj
577 1089 637 1129 Et
674 1088 727 1129 de
760 1093 878 1129 terra
921 1088 1145 1142 quondam
1180 1087 1399 1142 Willelmj
1442 1087 1599 1142 giffard
1636 1087 1680 1129 in
1715 1087 1814 1130 vico
1856 1087 2039 1131 nauium
2074 1090 2128 1131 de

317 1156 453 1200 fundo
476 1156 675 1200 eiusdem
698 1155 777 1199 xxti
803 1172 824 1199 s
846 1156 986 1200 Cuius
1009 1157 1158 1200 anime
1180 1156 1451 1212 propicietur
1472 1156 1666 1200 christus
1687 1159 1831 1200 Arnen

433 1283 625 1327 Prouida
667 1283 826 1326 mulier
866 1284 1106 1327 elizabetht
1153 1283 1358 1340 blynseill
1406 1299 1571 1340 sponsa
1613 1287 1838 1340 quondam
1879 1287 2032 1329 thome
2074 1288 2126 1329 de

315 1368 493 1396 camera
524 1353 757 1409 burgensis
786 1355 839 1396 de
862 1354 1070 1397 abirdene
1093 1354 1277 1397 donauit
1298 1369 1436 1397 vnum
1459 1355 1619 1398 librum
1644 1355 1824 1398 missale
1847 1371 1899 1398 ex
1921 1372 2127 1411 pressura

315 1438 599 1467 communem
638 1424 844 1467 omnibus
873 1424 1118 1479 capellanis
1152 1425 1419 1467 celibrandis
1450 1425 1494 1467 in
1528 1425 1717 1468 ecclesia
1748 1426 1866 1468 beati
1900 1427 2123 1481 nycholaij

315 1495 526 1550 quamdiu
558 1494 720 1550 poterit
753 1495 910 1537 durare
943 1495 998 1536 ad
1031 1495 1249 1537 orandum
1281 1509 1359 1549 pro
1394 1509 1558 1550 sponso
1591 1509 1670 1538 suo
1703 1502 1745 1538 et
1777 1511 1855 1551 pro
1887 1510 1939 1538 ea
1971 1503 2014 1538 et
2046 1511 2124 1551 pro

315 1565 530 1621 magistro
551 1565 708 1608 thoma
731 1579 810 1608 suo
832 1565 924 1607 filio
947 1566 1011 1608 &c
1034 1566 1098 1608 &c

1135 1740 1309 1782 CVIII.

314 1833 488 1877 Rentale
513 1833 697 1876 obituum
717 1837 754 1875 el
773 1833 1175 1876 Anuiuersariorum
1198 1838 1274 1889 per
1303 1833 1510 1889 quondam
1533 1834 1629 1876 bone
1649 1835 1842 1876 memorie
1861 1834 2014 1877 nobiles
2028 1838 2124 1890 pro-

487 1904 604 1945 uidos
616 1904 798 1959 famosos
820 1908 857 1945 et
877 1904 1064 1946 discretos
1087 1904 1195 1946 viros
1217 1905 1495 1959 fundatorum
1515 1909 1552 1946 et
1571 1905 1877 1960 assignatorum
1909 1906 2065 1947 vicario
2090 1910 2126 1947 et

488 1972 707 2029 capellanis
726 1972 906 2028 Collegzj
921 1973 1076 2015 ecclesie
1090 1972 1368 2029 parrochialis
1386 1973 1533 2015 Sancti
1552 1974 1599 2015 N
1602 1973 1773 2029 icholaij
1791 1974 1913 2030 burgi
1928 1974 1974 2015 de
1995 1974 2032 2015 A
2044 1974 2125 2015 bir-

487 2043 584 2085 dene
606 2043 815 2099 Scripium
835 2043 965 2099 Apud
985 2043 1176 2085 abirdene
1190 2047 1266 2099 per
1285 2057 1458 2085 manum
1479 2043 1640 2085 domini
1665 2043 1867 2086 Iohannis
1893 2044 2127 2100 Stirueling

486 2113 644 2155 notarii
656 2113 817 2169 publici
838 2113 960 2156 Sexto
981 2114 1047 2155 die
1062 2114 1210 2156 mensis
1232 2114 1402 2156 octobris
1417 2114 1546 2156 Auno
1568 2114 1728 2157 domiui
1748 2115 1800 2157 M
1802 2115 1977 2157 illesimo
1999 2115 2125 2170 quad-

487 2183 777 2239 ringentesimo
797 2184 1058 2240 nonogesimo
1071 2184 1212 2240 primo

431 2276 623 2320 BITUS
656 2277 825 2319 domini
862 2277 1079 2321 Iohannis
1117 2278 1332 2334 kingorne
1368 2280 1594 2333 quondam
1625 2278 1777 2334 vicarij
1817 2280 1870 2321 de
1901 2278 2122 2321 Abirdene

484 2347 566 2389 fuit
602 2347 648 2389 in
685 2347 910 2390 dominica
951 2348 1095 2403 prima
1136 2355 1236 2404 post
1274 2349 1438 2391 festum
1477 2349 1632 2392 Sancti
1671 2349 1887 2392 Iohannis
1929 2348 2122 2404 baptiste

317 2429 433 2458 anno
456 2417 623 2459 domini
646 2418 884 2461 millesimo
908 2419 1347 2474 quadringentesimo
1378 2420 1605 2463 tricesimo
1638 2427 1798 2463 octauo
1833 2420 1904 2475 quj
1932 2420 2123 2462 celebra-

317 2485 435 2528 bitur
456 2488 688 2531 annuatim
711 2489 756 2531 in
778 2491 934 2532 eadem
953 2490 1178 2533 dominica
1195 2505 1297 2533 cum
1316 2491 1512 2546 exequiis
1530 2491 1840 2534 defunctorum
1863 2491 1916 2533 de
1939 2490 2123 2545 placebo

317 2561 360 2597 et
392 2555 529 2612 dirige
560 2557 604 2599 in
637 2560 793 2601 sabato
825 2559 1080 2615 precedenti
1118 2561 1173 2603 ad
1210 2575 1446 2603 numerum
1480 2561 1537 2616 xij
1578 2561 1912 2617 capellanorum
1945 2566 1988 2602 et
2021 2574 2123 2602 cum

317 2626 455 2670 missa
482 2629 535 2670 de
563 2636 671 2673 nota
703 2637 745 2673 et
777 2630 995 2686 trigintali
1025 2639 1286 2687 sequentem
1319 2648 1396 2688 per
1427 2633 1700 2676 ebdomitam
1730 2639 1778 2676 ut
1808 2632 1944 2675 moris
1972 2637 2039 2674 est
2068 2632 2124 2674 ad

316 2697 456 2740 altare
499 2700 654 2742 Sancti
695 2701 904 2758 nicholaij
955 2718 1033 2758 pro
1075 2704 1344 2758 quoquidem
1396 2704 1702 2747 anniuersario
1753 2704 1858 2758 dictj
1903 2701 2122 2758 capellanj

318 2767 609 2812 Infeodantur
629 2771 683 2812 de
705 2772 849 2814 decim
872 2787 892 2814 s
915 2774 968 2815 de
990 2780 1108 2816 terra
1137 2774 1231 2816 siue
1257 2775 1396 2817 crofto
1418 2775 1637 2818 Willelmi
1666 2781 1764 2830 prat
1794 2788 1929 2829 prope
1958 2773 2125 2815 molen-

315 2837 469 2880 dinum
501 2839 738 2895 Iusticiarij
769 2842 822 2884 de
852 2849 1043 2897 quatuor
1064 2858 1085 2885 s
1107 2850 1150 2886 et
1173 2843 1234 2899 iiij
1265 2845 1292 2886 d
1314 2845 1368 2887 de
1396 2851 1514 2887 terra
1544 2846 1768 2900 quondam
1797 2844 1951 2886 thome
1979 2842 2127 2884 litstar

315 2905 359 2947 in
388 2906 428 2948 le
457 2921 590 2962 grene
619 2914 662 2951 et
692 2910 744 2951 de
772 2916 890 2954 terra
921 2912 1075 2955 Iacobi
1101 2913 1318 2968 kennerty
1348 2914 1400 2956 In
1430 2928 1563 2969 grene
1592 2915 1645 2956 de
1673 2912 1830 2969 viginti
1860 2911 2053 2955 denariis
2078 2917 2124 2953 vt

315 2979 580 3031 respondere
608 2980 745 3022 velint

2156 468 2310 500 Andreas

2157 511 2320 543 alansone

2155 555 2236 586 olim
2254 555 2401 597 preposi-

2157 603 2212 629 tus
2228 599 2269 630 de
2285 600 2380 631 Abir-

2158 641 2244 673 dene

2157 1834 2212 1866 fol.
2235 1836 2275 1867 84
2285 1834 2298 1855 ยน

2157 2288 2281 2320 Obitus
2297 2289 2425 2322 domini

2156 2333 2320 2365 Iohannis

2155 2376 2320 2419 kingorne

2157 2500 2197 2575 {ln
2213 2498 2313 2532 initio
2329 2498 2423 2541 xxiiij

2181 2554 2211 2576 ie
