2524 3418
200 2740 256 2772 sol.
273 2739 335 2771 482

483 338 563 379 118
741 338 869 380 Carta
893 336 1163 391 sundacionis
1188 340 1265 391 pro
1295 334 1599 376 Anniuersario
1628 333 1811 389 stephani
1842 334 2028 388 Balrony

479 459 554 506 gat
577 452 745 494 dictum
773 452 993 494 ricardum
1023 456 1099 493 aut
1129 450 1313 492 heredes
1334 449 1402 491 vel
1433 462 1713 491 successores
1741 461 1845 490 suos
1872 447 1964 490 fore
1991 447 2274 502 negociatum

479 521 545 561 vel
589 520 846 573 negociatos
883 533 959 573 per
994 531 1161 560 annum
1199 523 1241 559 et
1278 516 1394 558 diem
1431 516 1614 558 remotis
1655 516 1856 570 partibus
1897 514 2043 557 medio
2078 521 2278 570 tempore

479 596 666 630 vacante
704 587 950 642 capellania
988 585 1185 640 predicta
1220 584 1471 639 prepositus
1508 583 1660 626 balliui
1692 590 1734 625 et
1768 583 1974 625 consules
2009 582 2114 638 dictj
2150 583 2274 638 burgj

479 657 551 710 qui
576 672 652 711 pro
675 664 873 709 tempore
905 654 1065 696 suerint
1099 668 1199 695 curn
1233 667 1453 695 consensu
1476 658 1518 694 et
1542 666 1728 694 assensu
1756 651 1907 705 vicarij
1943 651 2059 694 dicte
2091 651 2278 694 ecclesie

479 724 696 779 capellanj
718 730 871 765 sancte
889 721 1034 765 crucis
1051 728 1093 764 et
1113 721 1331 776 capellanj
1352 722 1480 763 beate
1494 720 1678 775 virginis
1695 719 1833 762 marie
1851 719 2083 774 disponere
2099 720 2278 762 valeant

479 795 531 834 de
568 794 720 834 eadem
760 797 890 845 prout
927 804 1076 832 coram
1115 791 1196 832 deo
1232 788 1451 831 voluerint
1486 789 1750 843 respondere
1788 789 1847 830 Et
1882 802 1964 842 ego
1995 802 2100 830 vero
2133 788 2280 831 dictus

479 861 725 914 stephanus
757 866 799 901 et
832 859 1016 900 heredes
1048 857 1134 899 mei
1167 863 1210 899 et
1242 856 1328 899 mei
1364 856 1579 910 assignati
1612 869 1768 898 omnes
1799 862 1842 898 et
1875 855 2075 910 singulos
2106 869 2281 898 annuos

479 927 677 970 redditus
709 933 751 969 et
784 940 1007 969 cameram
1041 939 1142 967 cum
1175 924 1462 979 pertinenciis
1498 924 1668 978 prefato
1700 922 1831 966 altari
1863 930 1905 965 et
1937 922 2170 977 capellano
2201 937 2279 978 pro

479 1003 691 1051 perpetuo
723 995 921 1037 eiusdem
955 994 998 1036 in
1031 993 1238 1036 omnibus
1269 999 1312 1035 et
1345 1007 1422 1047 per
1452 991 1602 1034 omnia
1634 998 1682 1034 ut
1714 991 1988 1046 premittitur
2017 1005 2095 1046 per
2125 1005 2281 1034 omnes

478 1072 619 1106 terras
651 1070 828 1105 nostras
859 1061 1058 1104 redditus
1089 1067 1132 1103 et
1164 1060 1470 1115 possessiones
1500 1059 1732 1102 vniuersas
1765 1059 1942 1101 habitas
1976 1065 2019 1101 et
2051 1059 2281 1102 habendas

479 1140 633 1174 contra
666 1145 821 1173 ornnes
853 1130 1066 1172 mortales
1087 1128 1466 1171 ’warantizabimus
1498 1127 1852 1182 acquietabimus
1877 1133 1920 1168 et
1945 1127 2279 1181 Imperpetuum

479 1201 767 1244 defendemus
811 1200 875 1241 IN
922 1198 1117 1241 CUIUS
1157 1198 1265 1238 REI
1304 1195 1611 1238 testimonium
1654 1195 1756 1237 huic
1793 1194 1986 1249 presentj
2025 1200 2146 1236 carte
2183 1208 2280 1236 mee

480 1269 674 1323 sigillum
709 1281 857 1309 meum
881 1273 947 1308 est
971 1279 1218 1321 appensum
1243 1265 1302 1306 Et
1325 1265 1380 1306 ad
1404 1263 1616 1306 maiorem
1650 1262 1711 1304 rei
1740 1262 2018 1305 euidenciam
2047 1269 2090 1304 et
2120 1263 2281 1305 securi-

479 1344 619 1379 tatem
652 1335 970 1390 premissorum
1005 1333 1199 1387 sigillum
1227 1331 1400 1387 prouidi
1421 1331 1503 1372 viri
1526 1330 1752 1373 alexandri
1781 1330 1982 1373 blinseile
2013 1336 2121 1372 tunc
2151 1330 2283 1372 vnius

480 1405 745 1448 balliuorum
783 1403 888 1457 dictj
928 1401 1052 1456 burgj
1088 1415 1139 1443 ac
1171 1400 1338 1443 datoris
1379 1399 1527 1441 sasine
1561 1398 1770 1453 predictis
1807 1398 1937 1440 altari
1973 1403 2016 1440 et
2050 1398 2283 1452 capellano

481 1480 694 1528 perpetuo
731 1473 783 1514 de
820 1470 1031 1526 predictis
1072 1468 1234 1511 annuis
1273 1467 1519 1510 redditibus
1555 1473 1598 1509 et
1635 1480 1814 1509 camera
1855 1481 1956 1508 cum
1998 1466 2285 1521 pertinenciis

481 1541 762 1597 presentibus
793 1538 954 1594 apponj
990 1552 1091 1580 curn
1124 1536 1348 1579 instancia
1379 1534 1612 1590 procurauj
1648 1535 1778 1589 Apud
1810 1534 1978 1576 dictum
2011 1534 2199 1589 burgum
2231 1535 2285 1576 de

482 1610 690 1653 abirdene
713 1608 886 1651 decimo
909 1613 1070 1649 octauo
1087 1605 1157 1647 die
1180 1604 1348 1647 mensis
1370 1603 1523 1658 marcij
1548 1604 1679 1645 Anno
1701 1602 1867 1657 dominj
1893 1602 2132 1644 millesimo
2150 1603 2285 1657 quad-

481 1677 801 1733 ringentesimo
834 1674 1176 1731 quadragesimo
1209 1679 1366 1727 quarto
1397 1672 1437 1714 T
1441 1671 1611 1714 estibus
1647 1670 1981 1713 honorabilibus
2015 1676 2058 1713 et
2089 1670 2287 1726 prouidis

481 1747 587 1790 viris
621 1746 823 1788 Iohanne
854 1744 905 1786 fif
934 1743 1135 1785 Iohanne
1168 1740 1336 1796 scrogis
1367 1746 1494 1795 patre
1523 1741 1730 1782 duncano
1751 1740 1805 1781 de
1827 1739 1916 1782 clat
1946 1739 2128 1781 matheo
2149 1739 2287 1782 fichat

483 1817 648 1859 andrea
679 1815 732 1856 de
765 1813 922 1856 cullan‘
953 1811 1154 1853 Iohanne
1190 1811 1243 1852 de
1281 1808 1449 1864 scrogis
1485 1808 1576 1850 filio
1607 1807 1839 1852 Willelmo
1875 1807 2074 1850 rollande
2110 1808 2289 1851 Andrea

483 1884 653 1928 ancroft
671 1883 849 1925 Thoma
866 1879 1069 1924 bl‘inseile
1087 1878 1302 1933 magistro
1318 1878 1494 1920 roberto
1517 1882 1687 1919 steuart
1704 1875 1869 1919 vicario
1887 1875 2067 1918 domino
2086 1876 2288 1919 Iohanne

482 1952 813 2008 pettimweyme
840 1948 1020 1992 domino
1050 1948 1215 1989 andrea
1242 1946 1446 1988 scherate
1468 1943 1648 1987 domino
1672 1943 1874 1986 Iohanne
1901 1943 2022 1986 lamb
2043 1942 2289 1998 capellanis

484 2028 527 2064 et
551 2020 773 2063 malcomo
797 2018 932 2060 daker
952 2022 1060 2058 tunc
1084 2014 1290 2057 seriando
1313 2027 1415 2056 cum
1438 2011 1592 2054 multis
1615 2017 1657 2054 et
1682 2011 1886 2054 Diuersis
1909 2010 2008 2053 aliis
2030 2012 2094 2054 &c

658 2089 757 2130 Hec
786 2092 853 2128 est
875 2099 980 2127 vera
1005 2083 1134 2138 copia
1158 2081 1418 2137 principalis
1447 2086 1568 2123 carte
1596 2080 1820 2134 quondam
1853 2078 2059 2134 stephani
2091 2078 2289 2122 balcroni

659 2156 843 2198 fundate
875 2155 929 2196 de
959 2151 1090 2194 terris
1121 2157 1164 2193 et
1196 2145 1358 2193 annuis
1388 2148 1634 2191 redditibus
1656 2149 1711 2190 ad
1737 2147 1878 2190 altare
1907 2146 2052 2190 sancti
2083 2146 2292 2202 stephani

660 2227 773 2268 infra
807 2223 1044 2267 ecclesiam
1076 2221 1378 2277 parochialem
1411 2219 1528 2263 beati
1561 2217 1755 2262 nicholai
1787 2232 1865 2272 per
1895 2231 1966 2260 me
1999 2217 2289 2273 Magistrrum

660 2297 950 2340 alexandrum
1001 2299 1154 2349 portar
1193 2291 1417 2335 notarium
1459 2289 1686 2345 publicum
1729 2288 1954 2344 copiatum
1995 2293 2112 2330 teste
2152 2300 2290 2330 manu

661 2366 838 2422 propria

835 2434 1087 2477 Alexander
1107 2438 1259 2489 portar
1279 2430 1480 2474 notarius
1501 2429 1705 2486 publicus
1727 2429 1782 2472 ad
1804 2428 1885 2471 hec
1909 2442 2045 2472 manu
2067 2425 2244 2483 propria

529 2222 572 2485 mnqdmfionqa

583 2361 617 2491 aequos
583 2291 610 2343 isa
582 2246 614 2275 0!
583 2208 614 2239 H

1326 2637 1468 2679 LXV.

495 2731 626 2774 Carta
650 2729 919 2786 fundacz'onis
947 2733 1025 2785 pro
1055 2725 1360 2769 Anniuersario
1391 2723 1575 2781 stephani
1609 2723 1797 2778 Balrony
1828 2728 1864 2766 et
1890 2728 1969 2781 pro
2003 2723 2293 2766 sustentacione

944 2795 1146 2853 lampadis
1170 2795 1277 2837 beate
1297 2793 1428 2836 marie
1449 2797 1485 2835 et
1506 2792 1611 2848 beatj
1630 2792 1830 2848 nicholaij

623 2887 871 2930 MNIBUS
903 2885 1020 2928 hanc
1052 2885 1236 2927 Cartam
1267 2881 1429 2924 visuris
1460 2881 1530 2923 uel
1563 2880 1782 2923 audituris
1815 2882 2072 2937 Stephanus
2104 2881 2295 2925 Balrone

679 2954 911 3010 burgensis
942 2953 1067 3008 burgi
1104 2954 1157 2994 de
1194 2950 1402 2994 abirdene
1440 2950 1641 2993 Salutem
1678 2949 1722 2993 in
1759 2949 1940 2993 domino
1976 2950 2293 3006 sempiternam
