2524 3418
774 267 964 310 Venditio
998 267 1220 308 Terrarum
1252 266 1298 307 de
1331 266 1449 308 Crois
1995 280 2020 320 9

215 389 343 430 Vnde
381 401 451 429 me
487 388 597 429 bene
637 389 898 427 contentum
941 389 1070 425 teneo
1113 381 1290 436 penitus
1328 387 1369 422 et
1408 381 1603 422 solutum
1642 382 1705 423 Ac
1743 380 1886 423 dictos
1927 394 2019 435 pre-

214 457 409 512 positum
447 455 638 499 balliuos
674 453 881 497 consules
915 454 1157 505 burgenses
1189 457 1232 493 et
1266 450 1637 493 communitatem
1675 450 1781 493 dicti
1818 451 1944 505 burgi
1977 457 2019 493 et

215 540 494 570 successores
536 539 640 567 suos
681 523 782 566 inde
824 521 1068 576 quitclarno
1110 521 1438 575 imperpetuum
1481 534 1558 574 per
1593 526 1821 574 presentes
1861 534 2020 562 renun-

213 597 372 640 ciando
404 594 693 649 solempniter
720 599 762 635 et
792 606 997 646 expresse
1026 590 1114 633 doli
1143 590 1249 633 mali
1279 596 1426 632 metus
1454 603 1542 631 non
1573 596 1806 632 numerate
1835 590 2021 644 pecunie

213 673 256 709 et
289 666 496 708 omnibus
531 663 630 707 aliis
666 660 1001 716 exceptionibus
1036 667 1130 703 tam
1168 659 1476 715 peremptoriis
1514 673 1649 713 quam
1688 659 1905 702 dilatoriis
1937 674 2022 714 que

213 750 349 791 penes
385 733 689 788 supradictam
733 730 1006 773 solucionem
1049 729 1232 785 prefatis
1274 729 1498 784 preposito
1543 729 1722 772 balliuis
1764 729 2023 772 consulibus

213 803 508 859 burgensibus
533 810 576 845 et
602 800 915 845 communitati
952 800 1057 842 dicti
1090 800 1215 854 burgi
1252 802 1407 842 obesse
1441 806 1517 842 aut
1545 799 1680 842 michi
1710 799 1947 842 heredibus
1979 806 2022 842 et

214 873 455 928 assignatis
492 872 603 914 meis
640 872 849 926 prodesse
882 869 1028 912 valeat
1064 876 1140 911 aut
1175 869 1335 924 poterit
1374 884 1451 911 seu
1484 869 1664 911 valeant
1701 875 1778 911 aut
1816 868 2022 923 qualiter-

214 958 389 998 cunque
421 942 613 998 poterint
646 941 690 982 in
722 941 920 983 futurum
954 939 1194 981 Tenendas
1226 946 1269 981 et
1301 940 1532 982 habendas
1561 953 1716 981 omnes
1748 945 1791 981 et
1824 938 2024 993 singulas

212 1021 353 1057 terras
379 1012 602 1068 predictas
627 1026 729 1054 cum
756 1009 1042 1065 pertinenciis
1067 1009 1250 1064 prefatis
1276 1009 1500 1064 preposito
1526 1008 1705 1052 balliuis
1731 1008 2025 1063 burgensibus

213 1083 471 1127 consulibus
503 1089 545 1125 et
578 1080 891 1125 communitati
931 1079 1037 1122 dicti
1076 1079 1203 1134 burgi
1236 1086 1278 1121 et
1311 1079 1643 1122 successoribus
1681 1078 1773 1121 suis
1812 1093 1837 1121 a
1877 1093 1948 1121 me
1982 1085 2024 1122 et

212 1152 448 1196 heredibus
489 1158 532 1194 et
575 1150 817 1205 assignatis
864 1149 975 1192 meis
1016 1151 1070 1192 de
1112 1149 1292 1191 domino
1339 1155 1490 1191 nostro
1540 1150 1663 1203 Rege
1709 1148 1945 1192 heredibus
1982 1156 2025 1192 et

212 1222 544 1267 successoribus
590 1221 682 1264 suis
725 1221 769 1262 in
812 1221 940 1262 feodo
986 1226 1028 1262 et
1075 1219 1323 1262 hereditate
1370 1219 1697 1274 imperpetuum
1744 1233 1822 1273 per
1867 1233 2024 1261 omnes

211 1300 358 1337 rectas
400 1298 545 1335 metas
592 1306 697 1334 suas
744 1290 955 1345 antiquas
997 1296 1039 1332 et
1082 1289 1250 1332 diuisas
1294 1291 1346 1331 In
1389 1289 1524 1331 moris
1571 1288 1796 1331 marresiis
1842 1288 2025 1344 petariis

211 1362 421 1406 turbariis
451 1362 535 1404 viis
567 1360 739 1404 semitis
771 1360 918 1415 planis
949 1359 1129 1414 pascuis
1161 1366 1203 1402 et
1236 1358 1431 1414 pasturis
1463 1357 1609 1401 boscis
1643 1358 1790 1413 planis
1823 1358 1950 1402 siluis
1981 1365 2024 1402 et

211 1433 416 1488 virgultis
445 1431 826 1486 aucupacionibus
847 1429 1167 1472 venacionibus
1189 1436 1232 1472 et
1255 1428 1586 1483 piscacionibus
1615 1428 1882 1472 molendinis
1912 1429 2023 1471 mul-

211 1503 323 1546 turis
359 1509 402 1545 et
443 1516 595 1545 eorum
639 1500 831 1556 sequelis
873 1514 974 1542 cum
1018 1498 1151 1542 curiis
1193 1505 1236 1541 et
1279 1513 1432 1542 earum
1475 1498 1666 1542 exitibus
1708 1513 1759 1541 ac
1802 1498 2024 1541 eschaetis

212 1572 444 1628 bondagiis
476 1571 698 1626 aueragiis
731 1570 952 1625 caruagiis
977 1576 1019 1612 et
1049 1569 1286 1611 mulierum
1320 1568 1560 1612 merchetis
1592 1570 1652 1611 Et
1685 1583 1787 1611 cum
1817 1568 2024 1612 omnibus

212 1642 311 1685 aliis
347 1649 390 1685 et
428 1641 616 1697 singulis
652 1640 932 1684 libertatibus
978 1639 1374 1682 commoditatibus
1410 1645 1453 1681 et
1490 1638 1769 1681 aisiamentis
1801 1653 1852 1681 ac
1887 1639 2024 1681 Iustis

212 1712 498 1768 pertinenciis
535 1711 873 1767 quibuscunque
909 1717 1002 1753 tam
1041 1710 1198 1752 subtus
1234 1716 1352 1752 terra
1390 1723 1524 1764 quam
1562 1723 1696 1764 supra
1729 1715 1893 1751 terram
1928 1715 2022 1751 tam

213 1784 364 1838 procul
388 1797 522 1838 quam
549 1796 684 1837 prope
706 1788 800 1824 tam
824 1794 912 1823 non
936 1779 1180 1822 nominatis
1206 1794 1341 1834 quam
1368 1778 1613 1822 nominatis
1636 1779 1692 1821 ad
1714 1778 1857 1821 dictas
1883 1785 2024 1821 terras

213 1867 314 1896 cum
347 1851 634 1908 pertinenciis
666 1850 974 1906 spectantibus
1006 1864 1084 1892 seu
1116 1849 1231 1892 iuste
1265 1855 1467 1904 spectare
1498 1849 1751 1892 valentibus
1784 1849 2024 1903 quomodo-

212 1923 318 1966 libet
341 1922 385 1965 in
408 1923 606 1966 futurum
630 1922 753 1965 Adeo
779 1921 913 1964 libere
935 1927 978 1963 et
1002 1920 1148 1975 quiete
1171 1920 1368 1975 plenarie
1390 1920 1561 1975 integre
1583 1919 1825 1962 honorifice
1848 1920 1958 1962 bene
1981 1925 2023 1962 et

212 1994 256 2036 in
283 2008 393 2049 pace
415 1993 459 2035 in
483 1992 689 2035 omnibus
712 1998 754 2034 et
777 2006 855 2046 per
879 1990 1030 2034 omnia
1059 1990 1174 2033 sicut
1198 1990 1348 2045 aliqua
1371 1996 1488 2032 terra
1516 1989 1628 2031 infra
1657 2002 1843 2044 regnum
1869 1987 2024 2031 Scocie

212 2063 346 2108 alicui
378 2078 565 2119 persone
596 2062 777 2106 liberius
806 2064 938 2105 datur
966 2061 1224 2105 conceditur
1256 2061 1512 2116 assignatur
1541 2075 1618 2103 seu
1647 2059 1900 2114 possidetur
1929 2058 2023 2101 sine

214 2133 560 2178 Reclamacione
591 2132 883 2176 reuocacione
915 2138 992 2175 aut
1025 2131 1377 2174 contradictione
1410 2130 1560 2185 aliqua
1594 2129 1679 2172 mei
1709 2129 1780 2171 uel
1810 2129 2022 2171 heredum

212 2211 289 2248 aut
327 2205 656 2260 assignatorum
695 2217 894 2246 meorum
933 2217 1010 2245 seu
1048 2201 1235 2245 aliorum
1274 2214 1641 2256 quorumcunque
1683 2199 1784 2241 inde
1820 2197 2023 2241 facienda

211 2275 581 2331 qualitercunque
636 2274 881 2317 infuturum
945 2272 1171 2315 Faciendo
1232 2272 1334 2314 inde
1394 2270 1501 2314 dicti
1562 2268 1814 2324 prepositus
1869 2267 2022 2310 balliui

211 2346 419 2389 consules
451 2347 694 2400 burgenses
719 2351 762 2387 et
792 2343 1093 2386 communitas
1123 2342 1249 2397 burgi
1283 2340 1469 2396 predicti
1502 2339 1682 2383 domino
1720 2344 1872 2380 nostro
1908 2337 2021 2392 Regi

211 2415 448 2460 heredibus
471 2422 514 2459 et
539 2414 871 2458 successoribus
897 2413 989 2457 suis
1016 2412 1204 2456 seruicia
1227 2413 1280 2456 de
1302 2411 1434 2455 dictis
1461 2409 1590 2453 terris
1612 2423 1714 2452 cum
1737 2407 2023 2463 pertinenciis

211 2486 360 2530 debita
382 2493 425 2530 et
447 2492 663 2530 consueta
691 2492 868 2528 tantum
896 2499 973 2540 pro
1000 2483 1121 2526 omni
1150 2482 1237 2526 alio
1266 2481 1454 2525 seruicio
1481 2479 1670 2523 seculari
1696 2477 1927 2521 exactione
1949 2477 2020 2519 uel

211 2558 432 2600 demanda
464 2571 550 2611 que
579 2557 631 2599 de
660 2556 791 2599 dictis
822 2555 951 2598 terris
983 2569 1085 2598 cum
1118 2551 1406 2609 pertinenciis
1438 2550 1689 2606 aliqualiter
1721 2547 1834 2603 exigi
1858 2546 2019 2603 poterit

211 2633 288 2670 aut
310 2626 472 2681 requiri
496 2628 556 2669 Et
578 2641 659 2682 ego
675 2640 779 2669 vero
801 2626 998 2681 prefatus
1022 2624 1247 2667 Iohannes
1270 2624 1514 2666 banerman
1540 2620 1724 2662 heredes
1741 2624 1784 2660 et
1801 2616 2018 2672 assignati

211 2697 298 2740 mei
325 2703 445 2740 totas
473 2703 516 2740 et
545 2696 741 2751 integras
770 2695 993 2751 predictas
1020 2701 1162 2737 terras
1184 2695 1237 2736 de
1261 2691 1576 2749 Smythihalch
1606 2689 1700 2732 siue
1729 2689 1782 2731 de
1811 2687 1851 2730 le
1880 2688 2018 2731 Croes

210 2782 312 2811 cum
350 2766 636 2822 pertinenciis
672 2766 854 2821 prefatis
886 2764 1110 2821 preposito
1141 2763 1320 2807 balliuis
1355 2761 1614 2806 consulibus
1649 2757 1944 2813 burgensibus
1975 2763 2017 2799 et

211 2836 525 2881 communitati
556 2836 663 2880 dicti
692 2836 818 2891 burgi
845 2842 887 2878 et
913 2833 1246 2878 successoribus
1275 2832 1368 2875 suis
1395 2828 1833 2874 Warrantizabimus
1861 2841 2018 2881 acque-

209 2908 406 2951 tabimus
429 2914 470 2949 et
494 2906 820 2961 imperpetuum
849 2906 1136 2948 defendemus
1162 2906 1213 2945 In
1237 2903 1363 2945 cuius
1388 2901 1450 2944 rei
1475 2899 1784 2943 testimonium
1812 2897 2017 2952 Sigillum

1106 2975 1134 3005 B

2054 1721 2112 1754 fol.
2131 1724 2148 1754 3
