2524 3418
458 327 590 369 Carta
625 324 828 367 Willelmi
858 324 904 365 de
936 324 1115 366 Camem
1145 323 1201 364 ad
1230 322 1360 364 altare
1392 323 1540 364 Sancte
1570 322 1805 363 Katlzczrioze
1981 334 2034 374 43

226 443 300 498 vnj
335 441 566 497 capellano
600 439 771 484 Ibidem
803 438 955 482 diuina
988 437 1262 481 ministranti
1299 437 1512 492 obsequia
1544 436 1840 491 quadraginta
1872 435 2037 478 solidos

226 511 394 555 vsualis
431 516 609 553 monete
648 508 792 564 Regni
830 507 969 551 scotie
1007 509 1248 551 Leuandos
1285 514 1327 550 et
1365 506 1674 562 percipiendos
1711 506 1943 549 annuatim
1981 507 2038 548 ad

226 582 338 624 duos
370 580 476 623 anni
507 578 723 622 terminos
750 577 930 620 vsuales
956 577 1163 620 videlicet
1195 582 1478 632 pentecostes
1511 577 1571 618 Et
1601 575 1744 631 sanctj
1779 574 1959 618 martini
1992 574 2037 617 in

223 666 353 707 yeme
374 665 452 706 per
473 649 654 705 equales
682 648 915 704 porciones
943 649 996 691 de
1024 648 1156 690 terris
1185 647 1297 690 meis
1326 648 1379 690 de
1409 649 1618 702 Brynnas
1643 645 1746 689 Tuk
1774 645 2038 703 Jacentibus

225 721 270 763 in
308 721 538 765 Comitatu
579 719 800 764 buchanie
837 725 879 761 et
916 718 1202 774 perhibendis
1238 717 1381 761 eidem
1424 717 1656 772 capellano
1691 717 1762 759 vel
1799 731 1879 759 suo
1917 722 2038 759 certo

225 793 439 847 deputato
470 791 515 833 in
545 789 734 833 ecelesia
763 791 816 832 de
843 789 1067 832 Abirdene
1096 803 1273 845 semper
1293 794 1337 831 et
1360 802 1589 844 quousque
1618 787 1720 830 dein
1743 787 2039 842 quadraginta

226 863 391 905 solidos
419 863 475 905 ob
497 860 874 904 ministrationem
902 861 958 902 ad
980 860 1121 902 altare
1150 859 1399 915 predictum
1430 859 1686 902 faciendum
1718 859 1850 901 modo
1873 864 1921 901 ut
1944 872 2039 913 pre-

226 932 418 975 mittitur
453 932 498 974 in
535 930 698 974 annuis
734 930 981 973 redditibus
1017 929 1131 973 infra
1167 930 1357 985 burgum
1395 931 1449 972 de
1484 929 1707 973 Abirdene
1743 943 1821 984 per
1857 943 1928 971 me
1960 934 2038 971 aut

224 1002 410 1045 heredes
442 1015 567 1044 meos
599 1015 677 1057 pro
709 1006 924 1056 perpetuo
957 1006 1158 1043 creatum
1181 1001 1250 1043 vel
1273 1001 1442 1043 factum
1464 1000 1596 1043 fuerit
1620 1015 1698 1043 seu
1721 1000 2036 1042 confirmatum

223 1071 464 1115 Tenendos
485 1077 529 1114 et
552 1071 782 1114 habendos
814 1070 958 1114 dictos
990 1069 1287 1126 quadraginta
1316 1070 1483 1114 solidos
1503 1070 1685 1114 vsuales
1713 1076 1892 1113 monete
1913 1069 2039 1125 regni

224 1141 369 1184 scocie
405 1142 576 1197 prefato
618 1141 851 1197 capellano
895 1141 1067 1185 Ibidem
1110 1142 1192 1184 deo
1235 1141 1448 1184 seruienti
1491 1147 1534 1184 et
1577 1141 1670 1184 suis
1706 1141 2040 1185 successoribus

223 1213 278 1255 ad
307 1212 417 1255 illud
444 1213 584 1256 altare
613 1211 765 1255 diuina
795 1211 1164 1267 supportantibus
1197 1211 1242 1253 in
1277 1226 1435 1267 puram
1469 1218 1512 1254 et
1545 1217 1807 1267 perpetuam
1831 1211 2041 1254 Elimosi-

223 1296 328 1325 nam
365 1282 427 1325 ita
464 1283 599 1326 libere
636 1282 784 1337 quiete
821 1282 1019 1338 plenarie
1061 1288 1104 1324 et
1147 1282 1392 1325 honorifice
1429 1282 1545 1325 sicut
1582 1282 1732 1337 aliqua
1774 1282 2040 1338 Elymosina

221 1351 266 1393 in
301 1353 458 1407 Regno
491 1352 636 1395 scocie
668 1353 799 1395 datur
828 1359 905 1395 aut
938 1352 1192 1408 possidetur
1225 1354 1285 1395 Et
1315 1358 1363 1395 ut
1394 1353 1476 1395 hec
1509 1367 1609 1395 mea
1638 1367 1823 1408 presens
1851 1353 2040 1396 donacio

222 1422 540 1477 concessioque
572 1428 615 1465 et
648 1423 936 1466 confirmacio
965 1438 1044 1478 pro
1077 1438 1147 1466 me
1177 1429 1220 1466 et
1250 1423 1488 1466 heredibus
1518 1423 1630 1466 meis
1659 1425 1791 1466 modo
1823 1430 1866 1466 et
1897 1424 2040 1467 forma

221 1492 452 1547 premissis
474 1492 618 1536 eidem
642 1493 875 1548 capellano
898 1499 940 1536 et
965 1493 1300 1536 successoribus
1330 1494 1423 1536 suis
1444 1494 1571 1536 firme
1604 1500 1818 1536 mantane
1841 1500 1884 1536 et
1908 1494 2040 1536 Illese

224 1563 276 1604 In
314 1563 441 1605 cuius
479 1563 562 1606 Rei
598 1563 909 1606 testimonium
943 1563 1139 1619 sigillum
1178 1579 1328 1607 meum
1366 1564 1651 1619 presentibus
1687 1570 1754 1607 est
1791 1579 2039 1619 appensum

221 1631 352 1686 Apud
388 1632 613 1676 Abirdene
649 1633 914 1676 duodecimo
951 1633 1022 1676 die
1059 1634 1228 1677 mensis
1266 1634 1546 1690 Septembris
1581 1636 1712 1677 Anno
1744 1634 1913 1677 domini
1945 1635 2041 1678 mil-

222 1701 380 1745 lesimo
421 1702 878 1758 Quadringentesimo
914 1703 1142 1747 tricesimo
1179 1703 1323 1760 primo
1359 1719 1554 1748 vnacum
1591 1704 1738 1760 sigillo
1773 1705 2042 1749 venerabilis

220 1772 302 1828 virj
336 1773 504 1829 dominj
537 1774 754 1818 Iohannis
785 1775 839 1817 de
873 1773 1101 1830 Kingorne
1123 1774 1276 1830 vicarij
1304 1775 1507 1830 perpetui
1531 1776 1584 1818 de
1606 1775 1830 1818 Abirdene
1861 1790 1940 1831 per
1971 1790 2041 1818 me

222 1857 324 1886 cum
378 1843 609 1887 Instancia
660 1850 899 1899 procurato
950 1844 994 1887 in
1046 1845 1317 1889 instanciam
1369 1845 1629 1889 testimonio
1685 1846 1879 1901 plurium
1935 1847 2040 1889 fide-

221 1912 457 1969 dignorum

337 1984 526 2028 Summa
548 1983 682 2027 huius
703 1999 730 2027 x
751 1984 811 2028 lib

1063 2103 1192 2145 XXI.

345 2183 595 2226 MNIBUS
646 2182 763 2226 hanc
815 2183 1000 2226 Cartam
1050 2183 1215 2226 visuris
1265 2183 1334 2226 vel
1389 2182 1623 2226 Audituris
1672 2184 1932 2228 Willelmus
1982 2186 2037 2227 de

402 2252 594 2295 Camera
636 2251 845 2294 dominus
885 2253 939 2295 de
975 2252 1168 2307 syndone
1201 2259 1245 2295 et
1282 2252 1518 2307 burgensis
1555 2254 1608 2296 de
1637 2253 1870 2296 Aberdene
1908 2254 2035 2296 Eter-

221 2335 327 2364 nam
375 2323 428 2364 In
474 2321 656 2365 domino
702 2322 894 2365 salutem
947 2323 1178 2366 Noueritis
1226 2337 1296 2365 me
1343 2337 1423 2378 pro
1470 2323 1615 2367 salute
1662 2323 1811 2367 anime
1854 2338 1952 2367 mee
1992 2330 2035 2367 et

222 2392 481 2436 Elizabetht
519 2393 744 2447 quondam
782 2407 945 2448 sponse
987 2408 1084 2436 mee
1125 2400 1168 2436 et
1211 2407 1291 2448 pro
1333 2394 1478 2437 salute
1520 2393 1773 2437 animarum
1815 2393 1956 2450 patris
1992 2400 2035 2437 et

221 2462 380 2506 matris
416 2477 514 2506 mee
549 2470 887 2507 antecessorum
916 2470 959 2507 et
995 2465 1317 2507 Successorum
1350 2479 1552 2507 meorum
1584 2464 1792 2520 precipue
1828 2479 1907 2519 pro
1943 2463 2035 2508 ani-

220 2534 380 2576 mabus
420 2533 622 2577 omnium
664 2535 718 2577 de
760 2549 950 2590 quorum
992 2535 1119 2578 bonis
1167 2535 1303 2578 habui
1343 2535 1595 2578 voluntarie
1641 2541 1685 2578 et
1728 2534 2035 2578 Involuntarie

220 2604 396 2647 dedisse
427 2604 704 2648 concessisse
730 2611 773 2648 et
800 2606 885 2649 hac
917 2605 1112 2661 presenti
1145 2612 1268 2649 carta
1298 2621 1398 2649 mea
1427 2606 1718 2648 confirmasse
1749 2619 1923 2648 necnon
1955 2619 2034 2660 pro

220 2689 291 2717 me
333 2674 569 2719 heredibus
620 2676 733 2719 meis
774 2676 1200 2731 quietumclamasse
1242 2677 1324 2719 deo
1365 2676 1663 2732 omnipotenti
1715 2676 1843 2719 beate
1895 2674 2034 2718 marie

217 2744 378 2800 virginj
423 2752 466 2788 et
507 2747 715 2790 omnibus
762 2747 932 2790 sanctis
979 2747 1071 2790 suis
1113 2749 1174 2790 Et
1216 2747 1348 2791 altari
1389 2749 1518 2791 beate
1562 2745 1808 2790 Katherine
1847 2744 2034 2800 virginis

218 2813 264 2857 in
297 2815 486 2859 eeclesia
519 2817 636 2872 beatj
671 2817 866 2861 nicholai
899 2819 953 2861 de
984 2818 1208 2861 Abirdene
1240 2817 1446 2861 ordinato
1478 2817 1552 2872 vnj
1590 2816 1822 2872 capellano
1861 2815 2032 2859 Ibidem

217 2893 477 2940 presentato
510 2888 566 2930 ad
603 2888 917 2931 celebrandum
956 2903 1035 2943 pro
1068 2894 1288 2944 ,perpetuo
1325 2903 1401 2930 sex
1433 2887 1569 2930 libras
1600 2886 1830 2929 trisdecim
1868 2885 2034 2928 solidos

217 2962 260 2998 et
283 2963 474 3011 quatuor
495 2957 702 3000 denarios
722 2959 892 3001 vsualis
924 2965 1102 3002 monete
1124 2958 1248 3013 regni
1282 2958 1431 3001 Scotie
1463 2957 1697 3001 annuatim
1721 2956 2032 3011 percipiendos

2068 2197 2150 2230 Wm
2174 2197 2334 2230 Chalmer

2067 2241 2107 2273 of
2117 2241 2270 2282 fyndoun

2067 2284 2121 2316 his
2131 2285 2333 2318 fundatioun

2067 2333 2103 2361 to
2121 2329 2160 2360 St

2069 2371 2290 2414 Katheringis

2067 2416 2164 2448 Altar
