2524 3418
153 1426 211 1459 sol.
229 1424 292 1457 58²

444 346 524 387 144
1073 329 1202 370 Carta
1234 325 1433 368 Iohannis
1464 325 1500 366 A
1510 329 1625 366 rtour

616 449 675 490 Et
700 448 797 501 Ego
830 444 962 488 dauid
986 442 1245 484 nicholsone
1275 438 1457 482 Areium
1480 437 1701 493 professor
1731 436 1963 491 scribaque
1986 436 2117 479 Curie
2149 436 2238 479 bal-

615 517 804 558 liuorum
839 509 1147 555 abirdonensis
1184 514 1226 550 et
1263 507 1461 550 eiusdem
1485 506 1712 549 dioceseos
1748 518 1920 547 necnon
1953 517 2080 546 sacra
2116 517 2241 559 apos-

615 584 750 627 tolica
782 579 1047 624 auctoritate
1089 576 1290 620 notarius
1321 575 1526 631 publicus
1567 574 1670 629 quia
1702 573 1917 629 premisse
1948 572 2243 628 possessionis

615 652 789 697 dacioni
821 649 1066 703 ceterisque
1089 647 1296 689 omnibus
1327 645 1426 688 aliis
1457 652 1500 687 et
1524 644 1711 699 singulis
1739 645 1844 687 dum
1878 643 1940 686 sic
1973 642 2244 698 premittitur

617 724 866 766 dicerentur
884 727 926 762 et
950 719 1105 761 fierent
1119 732 1206 760 vna
1229 731 1330 759 cum
1353 715 1599 771 prenotatis
1620 714 1810 757 testibus
1833 727 2015 768 presens
2036 725 2244 768 persona-

617 795 716 837 liter
752 790 928 834 interfui
958 803 1096 844 eaque
1133 787 1283 830 omnia
1309 793 1351 829 et
1388 786 1564 841 singula
1601 784 1663 827 sic
1695 784 1789 827 fieri
1819 783 1906 839 vidj
1941 790 1984 826 et
2016 782 2164 838 audiuj
2200 789 2243 826 et

618 864 772 906 eadem
806 861 850 902 in
883 866 1035 902 notam
1060 857 1154 913 cepi
1180 858 1373 911 Ideoque
1395 855 1478 898 hoc
1501 868 1683 910 presens
1711 853 1937 910 publicum
1969 853 2244 895 Instrumen-

618 940 713 975 tum
750 930 896 974 aliena
932 943 1068 971 manu
1101 927 1290 970 fideliter
1326 925 1541 981 scriptum
1574 939 1646 968 me
1676 924 1776 968 aliis
1806 930 2024 978 occupato
2055 921 2247 977 negotiis

618 1003 745 1058 signo
773 1008 816 1044 et
846 999 1025 1042 nomine
1055 997 1166 1040 meis
1188 996 1332 1039 solitis
1359 1003 1403 1039 et
1429 994 1655 1039 consuetis
1677 995 1902 1050 signatum
1925 999 1968 1036 et
1989 994 2246 1037 roboratum

618 1070 774 1114 exinde
811 1067 978 1122 confecj
1018 1072 1201 1121 rogatus
1241 1070 1284 1107 et
1325 1063 1566 1120 requisitus
1599 1063 1644 1106 in
1680 1064 1812 1107 fidem
1855 1069 1898 1106 et
1938 1061 2245 1106 testimonium

618 1139 818 1183 omnium
851 1144 894 1181 et
927 1136 1202 1192 singulorum
1234 1134 1552 1190 premissorum

521 904 554 1032 aequos
510 616 552 886 ωηψίωιῖοιμῑς)

1216 1325 1482 1367 LXXVIII.

571 1413 820 1459 MNIBUS
864 1411 980 1454 hanc
1022 1414 1192 1452 cartam
1233 1406 1396 1450 visuris
1435 1406 1504 1449 vel
1559 1404 1777 1449 audituris
1824 1405 2049 1448 Iohannes
2088 1405 2270 1463 Artour'

626 1483 860 1539 burgensis
885 1483 938 1524 de
964 1480 1194 1523 Aberdene
1223 1478 1414 1521 salutem
1444 1477 1488 1519 in
1517 1476 1697 1520 domino
1727 1475 2058 1531 Sempiternam
2083 1489 2252 1531 preme-

450 1560 591 1602 ditato
620 1556 737 1611 quod
766 1566 922 1596 omnes
953 1549 1173 1593 stabimus
1201 1554 1305 1592 ante
1336 1547 1531 1590 tribunal
1564 1545 1732 1590 domini
1760 1545 1899 1589 nostri
1932 1546 2067 1589 Ihesu
2098 1544 2253 1588 christi

450 1636 578 1686 prout
615 1627 660 1669 in
697 1638 878 1680 corpore
919 1619 1141 1677 gessimus
1178 1618 1272 1661 siue
1313 1620 1477 1661 bonum
1521 1617 1615 1660 siue
1656 1616 1825 1660 malurn
1864 1615 1995 1659 fuerit
2035 1614 2254 1670 recepturi

450 1706 629 1757 propter
665 1696 781 1752 quod
822 1695 988 1736 bonum
1025 1696 1092 1733 est
1133 1689 1251 1733 diem
1288 1687 1474 1731 extremi
1517 1686 1674 1742 Iudicij
1714 1685 1921 1742 operibus
1956 1683 2256 1728 misericordie

453 1767 683 1826 preuenire
712 1765 774 1808 sic
803 1779 888 1819 que
918 1761 1139 1805 seminata
1171 1760 1216 1803 in
1245 1759 1376 1803 terris
1405 1757 1641 1814 multiplici
1669 1758 1814 1800 fructu
1840 1756 1885 1799 in
1912 1755 2019 1799 celis
2046 1755 2254 1810 colligere

452 1839 682 1882 valeamus
726 1831 1081 1882 NOUERITIS
1129 1830 1272 1885 Igitur
1313 1844 1383 1872 me
1424 1828 1480 1877 ins
1511 1833 1802 1884 augmentum
1844 1825 1983 1870 diuini
2025 1825 2172 1868 cultus
2212 1829 2256 1868 et

455 1907 627 1951 Intuitu
668 1903 869 1948 caritatis
910 1916 988 1957 pro
1030 1900 1174 1944 salute
1215 1899 1364 1947 anime
1405 1913 1502 1943 mee
1543 1903 1778 1955 parentum
1825 1910 2025 1939 meorum
2069 1895 2257 1939 fratrum

453 1990 654 2020 sororum
687 1987 871 2016 vxorum
906 1978 948 2014 et
982 1984 1134 2013 eorum
1169 1968 1369 2012 omniurn
1404 1980 1434 2011 a·
1461 1967 1620 2023 quibus
1641 1966 1791 2022 aliqua
1812 1967 1928 2010 bona
1961 1964 2109 2008 minus
2142 1964 2259 2008 iuste

452 2045 588 2089 habui
613 2043 901 2096 omniumque
926 2040 1124 2083 fidelium
1151 2039 1460 2087 defunctorum
1482 2038 1527 2080 in
1549 2036 1676 2093 penis
1697 2035 1942 2092 purgatorii
1970 2033 2255 2078 existentium

457 2120 510 2160 In
542 2117 709 2159 honore
740 2120 783 2156 et
814 2110 1100 2154 veneratione
1131 2110 1201 2153 dei
1230 2108 1553 2164 omnipotentis
1584 2107 1679 2151 eius
1712 2108 1985 2150 Intemerate
2019 2103 2258 2160 genetricis

456 2185 594 2230 marie
628 2198 679 2228 ac
712 2180 1024 2226 Amantissimi
1053 2186 1096 2223 et
1125 2178 1404 2223 dilectissimi
1439 2176 1647 2220 Nominis
1679 2176 1814 2219 Ihesu
1845 2173 2084 2218 saluatoris
2119 2171 2259 2217 nostri

458 2255 542 2301 Cui
573 2268 705 2298 omne
736 2266 853 2308 genu
884 2251 1093 2294 flectatur
1123 2256 1167 2292 et
1193 2248 1393 2292 omnium
1424 2259 1717 2303 supernorum
1747 2243 1926 2289 Ciuium
1956 2243 2130 2287 dedisse
2157 2257 2259 2285 con-

458 2325 646 2369 cessisse
668 2329 711 2366 et
734 2323 778 2365 in
801 2336 958 2377 puram
981 2327 1024 2363 et
1047 2325 1308 2376 perpetuam
1327 2317 1635 2362 Elemosinam
1659 2314 1912 2370 assignasse
1936 2312 2144 2357 Discreto
2163 2312 2259 2355 viro

457 2395 638 2439 domino
680 2391 870 2436 Iohanni
910 2405 1022 2434 vaus
1065 2390 1310 2446 Capellano
1346 2395 1389 2432 et
1425 2387 1518 2431 suis
1561 2385 1904 2431 Successoribus
1944 2382 2262 2440 perpetualiter

457 2461 747 2508 celebraturis
792 2462 848 2505 ad
893 2460 1034 2504 altare
1084 2459 1197 2502 infra
1249 2457 1504 2501 Ecclesiam
1550 2454 1851 2512 parochialem
1897 2452 1989 2497 diui
2035 2451 2259 2507 Nicholaij

459 2534 820 2576 Aberdonensem
843 2544 920 2585 per
941 2543 1011 2571 me
1041 2528 1231 2571 Nouiter
1259 2534 1455 2570 erectum
1484 2532 1528 2569 et
1557 2527 1876 2569 Constructum
1905 2523 1950 2566 in
1976 2521 2262 2566 veneratione

460 2609 503 2646 et
532 2603 700 2644 honore
723 2599 829 2643 dicti
853 2597 1232 2642 Reuerendissimi
1260 2596 1454 2640 nominis
1477 2595 1613 2638 Ihesu
1633 2593 1799 2636 Totam
1821 2598 1864 2636 et
1886 2592 2106 2647 integram
2130 2590 2261 2634 Illam

460 2679 625 2714 terram
678 2684 825 2712 meam
877 2668 1142 2711 anteriorem
1185 2681 1237 2709 ex
1277 2681 1377 2709 meo
1417 2664 1595 2721 proprio
1636 2668 1883 2718 conquestu
1935 2662 2264 2717 Recuperatam

465 2743 693 2784 Iacentem
726 2739 840 2781 infra
872 2737 1040 2781 dictum
1073 2738 1260 2792 burgum
1293 2735 1338 2778 in
1368 2734 1466 2778 vico
1500 2732 1723 2789 superiore
1760 2730 1963 2774 Ecclesie
1994 2745 2048 2773 ex
2078 2728 2265 2773 australi

464 2817 590 2866 parte
630 2809 828 2852 eiusdem
870 2807 986 2850 inter
1026 2814 1191 2850 terram
1235 2805 1497 2849 Interiorem
1539 2802 1707 2847 domini
1750 2801 1964 2845 Iohannis
2001 2798 2264 2843 Ruthirfurd

466 2879 620 2922 militis
646 2893 699 2921 ex
724 2877 910 2921 australi
936 2891 989 2919 ex
1014 2891 1100 2919 vna
1126 2884 1289 2919 terram
1317 2875 1539 2930 quondam
1571 2872 1754 2915 Roberti
1784 2871 1897 2915 Club
1924 2885 1976 2912 ex
2000 2867 2265 2912 occidentali

466 2956 508 2992 et
550 2962 810 2992 communes
840 2946 937 2989 vias
977 2946 1122 3001 regias
1150 2960 1303 2988 versus
1336 2945 1515 2988 boream
1549 2949 1591 2985 et
1621 2941 1766 2985 oriens
1793 2937 2153 2983 TENENDAM
2182 2935 2265 2980 ET
