2524 3418
558 306 608 347 72
827 292 1015 333 Donacio
1047 290 1282 346 capellanis
1313 290 1493 331 Ecclesia
1516 290 1769 345 parochialis
1800 290 1846 332 de
1876 290 2086 332 Abirdene

558 413 840 464 pentecostes
866 407 918 448 de
934 404 1092 459 legatis
1109 411 1151 446 et
1167 404 1368 459 legandis
1385 418 1462 458 per
1484 418 1583 446 eum
1607 410 1650 446 et
1673 410 2002 459 procuratorem
2025 404 2120 446 eius
2141 418 2219 459 pro
2241 417 2355 459 pane

559 485 601 521 et
624 478 726 519 vino
749 476 908 519 cotidie
932 476 1193 517 celebrando
1216 474 1259 515 in
1283 474 1401 516 dicta
1419 474 1607 516 ecclesia
1624 473 1866 528 parochiali
1885 475 1937 516 de
1959 473 2167 516 abirdene
2190 475 2249 516 Et
2271 472 2355 528 ipsi

559 548 776 603 capellani
800 548 1067 588 tenebuntur
1099 544 1329 586 annuatim
1363 545 1584 586 celebrare
1616 543 1943 585 anniuersarios
1975 543 2114 598 patris
2135 549 2178 585 et
2201 543 2356 585 matris

560 618 665 660 dicti
690 616 888 669 magistri
912 614 1102 668 duncanj
1129 629 1229 656 cum
1254 614 1391 656 missa
1413 616 1466 656 de
1489 621 1594 656 nota
1617 621 1659 656 et
1675 614 1774 656 aliis
1796 613 1982 668 priuatis
1997 613 2146 655 missis
2168 619 2210 655 et
2233 627 2357 655 orare

320 739 325 744 ·
561 703 636 742 pro
669 687 786 729 dicto
819 685 1032 739 magistro
1064 686 1268 726 duncano
1295 690 1337 725 et
1370 698 1447 738 pro
1480 683 1714 725 animabus
1746 682 1884 737 patris
1907 689 1949 724 et
1972 682 2128 724 matris
2159 682 2356 724 eiusdem

263 740 441 813 Qiiffimi
561 770 745 811 quorum
781 754 1184 797 anniuersariorum
1217 768 1353 795 vnum
1384 768 1461 808 pro
1491 760 1615 807 patre
1647 753 1753 795 dicti
1785 752 1986 807 magistri
2020 751 2210 807 duncanj
2248 751 2358 794 cele-

265 826 405 899 sleherar
493 867 498 872 ,
521 867 526 872 ,
561 828 749 868 brabunt
790 825 927 879 xxvij0
967 824 1036 866 die
1079 823 1245 865 mensis
1289 823 1480 878 Ianuarij
1527 830 1603 865 aut
1644 824 1688 865 in
1730 823 1953 866 dominica
1998 822 2198 877 proxima
2249 823 2359 864 Inde

263 874 527 952 Ξιιῖυῑξζξὲῗέω
562 901 774 948 sequente
802 893 952 935 Alium
979 908 1081 935 vero
1111 907 1188 947 pro
1221 899 1362 934 matre
1395 893 1490 934 eius
1520 893 1732 935 vicesimo
1763 899 1923 935 octauo
1955 892 2025 934 die
2057 891 2224 934 mensis
2256 891 2356 946 Iulij

264 956 409 1030 ggffisle
562 972 638 1006 aut
667 963 711 1004 in
741 963 964 1005 dominica
998 964 1107 1004 Inde
1140 970 1352 1016 sequente
1375 969 1417 1005 et
1440 963 1625 1017 affigunt
1648 970 1838 1017 quatuor
1869 977 2019 1005 cereos
2050 968 2098 1004 ut
2130 961 2266 1004 moris
2292 968 2359 1003 est

265 1041 488 1091 Ruzhersurde
562 1034 692 1076 dictis
726 1032 1041 1076 anniuersariis
1073 1033 1326 1087 sumptibus
1363 1033 1455 1074 suis
1488 1034 1679 1076 testibus
1711 1033 2109 1087 subscriptionibus
2140 1032 2359 1074 dictorum

262 1084 530 1171 ζζζᾙζὲἶέἓῗζ
562 1104 702 1146 curati
736 1112 778 1145 et
811 1104 1142 1158 capellanorum

619 1175 718 1228 Ego
740 1174 873 1215 dauid
895 1175 1040 1216 Waus
1063 1179 1243 1214 curatus
1266 1173 1494 1215 subscribo
1516 1187 1651 1215 manu
1674 1174 1850 1228 propria

619 1245 717 1298 Ego
739 1244 990 1285 Alexander
1010 1250 1138 1285 vocat
1162 1243 1421 1297 capellanus
1444 1257 1580 1285 manu
1602 1243 1778 1298 propria

619 1314 717 1368 Ego
738 1313 989 1354 Alexander
1009 1326 1117 1366 gray
1139 1312 1398 1366 capellanus
1421 1326 1556 1354 manu
1578 1312 1754 1367 propria

618 1384 717 1437 Ego
741 1382 966 1424 Iohannes
988 1387 1086 1436 prat
1109 1381 1368 1435 capellanus
1390 1395 1525 1424 manu
1547 1382 1724 1436 propria

620 1453 717 1506 Ego
739 1452 940 1493 Andreas
962 1451 1115 1492 thome
1138 1450 1398 1505 capellanus
1420 1465 1556 1493 manu
1579 1451 1755 1506 propria

619 1523 718 1577 Ego
741 1521 967 1564 Iohannes
989 1521 1042 1562 de
1064 1534 1242 1563 camera
1263 1520 1504 1575 subscripsi
1527 1535 1663 1563 manu
1685 1520 1861 1576 propria

620 1593 718 1646 Ego
739 1591 1014 1635 Wilhelmus
1035 1589 1289 1632 morisoune
1311 1590 1570 1645 capellanus
1588 1605 1724 1633 manu
1746 1590 1923 1646 propria

621 1663 718 1717 Ego
740 1663 942 1704 robertus
964 1660 1045 1702 leis
1068 1660 1326 1715 capellanus
1349 1662 1544 1715 approbo
1566 1660 1785 1716 premissa

621 1733 718 1786 Ego
741 1730 948 1773 dominus
972 1730 1198 1772 Iohannes
1215 1729 1360 1771 litster
1381 1730 1640 1784 capellanus
1662 1744 1798 1772 manu
1821 1729 1997 1785 propria

621 1801 718 1855 Ego
741 1799 948 1842 dominus
970 1798 1178 1840 matheus
1199 1797 1393 1841 nicholai
1416 1800 1675 1854 capellanus
1697 1814 1833 1842 manu
1855 1798 2032 1854 propria

621 1871 719 1925 Ego
744 1871 981 1924 Ingramus
1002 1869 1278 1911 bannerman
1301 1869 1560 1923 capellanus
1583 1884 1718 1912 manu
1740 1870 1917 1925 propria

622 1941 720 1995 Ego
742 1941 976 1982 duncanus
997 1939 1196 1994 nauchty
1218 1939 1478 1993 capellanus
1500 1954 1636 1983 manu
1658 1940 1835 1995 propria

623 2011 721 2064 Ego
742 2010 944 2051 Andreas
966 2008 1132 2063 henricj
1158 2023 1294 2051 manu
1316 2009 1493 2064 propria

623 2082 721 2135 Ego
745 2079 970 2122 Iohannes
991 2078 1094 2121 blak
1116 2078 1374 2133 capellanus
1396 2093 1532 2121 manu
1554 2079 1730 2133 propria

623 2152 722 2205 Ego
743 2149 1002 2193 Willelmus
1025 2148 1305 2191 crukschank
1327 2163 1462 2191 manu
1484 2149 1661 2204 propria

626 2221 724 2274 Ego
746 2219 984 2262 alexander
1005 2216 1142 2260 bisset
1165 2231 1301 2259 manu
1323 2217 1499 2273 propria

627 2291 724 2343 Ego
747 2288 985 2331 alexander
1004 2286 1069 2342 fys
1087 2300 1223 2329 manu
1245 2286 1422 2342 propria

627 2360 726 2414 Ego
749 2359 975 2401 Iohannes
996 2356 1231 2412 stirueling
1251 2357 1509 2412 capellanus
1531 2370 1667 2400 manu
1689 2356 1864 2412 propria

627 2429 726 2483 Ego
750 2428 975 2470 Iohannes
996 2426 1334 2469 strachtauchin
1356 2440 1492 2469 manu
1514 2425 1691 2482 propria

628 2498 726 2552 Ego
747 2497 928 2539 thomas
949 2496 1099 2550 herwy
1120 2509 1256 2537 manu
1278 2495 1456 2550 propria

628 2571 727 2624 Ego
749 2569 938 2611 andreas
959 2582 1067 2622 gray
1090 2566 1319 2609 subscribo
1342 2580 1478 2609 manu
1499 2565 1676 2621 propria

628 2640 689 2682 Et
715 2638 953 2681 alexander
980 2637 1082 2679 club
1111 2636 1370 2690 capellanus
1399 2635 1542 2677 forma
1573 2633 1818 2689 prescripta
1840 2639 1882 2675 et
1906 2631 2165 2675 condicione
2194 2636 2372 2674 seruata

743 2708 890 2762 obligo
912 2721 983 2749 me
1006 2708 1061 2749 ad
1083 2706 1340 2761 hujusmodi
1363 2705 1571 2760 exequias
1593 2705 1880 2748 celebrandas
1902 2718 1980 2759 pro
2002 2709 2127 2758 parte
2149 2716 2249 2746 mea

631 2779 690 2819 Et
713 2791 794 2831 ego
819 2776 1071 2818 Richardus
1092 2775 1264 2830 patricij
1289 2775 1548 2830 capellanus
1569 2789 1705 2817 rnanu
1726 2773 1903 2829 propria

632 2849 730 2901 Ego
751 2847 953 2888 Thomas
975 2853 1134 2888 stanne
1157 2845 1415 2899 capellanus
1437 2859 1572 2887 manu
1593 2844 1770 2899 propria

633 2918 731 2971 Ego
753 2917 954 2958 Andreas
975 2915 1199 2958 chawmer
1220 2915 1478 2971 capellanus
1500 2928 1635 2958 manu
1657 2913 1833 2972 propria
