2524 3418
471 300 553 343 266
784 300 1056 355 Confirmatio
1086 299 1228 341 Iacobz'
1258 299 1410 341 lumtar
1440 299 1486 340 de
1519 303 1626 340 terra
1656 299 1958 354 capellanorum

472 416 651 459 domino
684 416 873 457 salutem
910 414 1137 456 Noueritis
1170 428 1250 456 nos
1283 415 1505 468 quandam
1539 420 1707 455 cartam
1746 406 2027 456 alienationis
2066 415 2119 456 de
2155 420 2271 457 terra

473 485 720 539 subscripta
745 499 820 538 per
845 485 1055 526 Iacobum
1080 485 1244 525 huntar
1275 483 1571 525 cultellarium
1600 483 1783 537 prouido
1805 483 1897 525 viro
1921 485 2082 526 andree
2106 484 2271 526 huntar

473 554 678 607 burgensi
711 553 816 595 dicti
851 552 974 606 burgi
1009 553 1100 594 suis
1132 552 1366 594 heredibus
1399 559 1440 593 et
1473 552 1714 605 assignatis
1736 552 1900 594 factam
1934 559 1976 594 et
2009 567 2268 595 concessam

472 623 616 677 sigillo
639 631 680 664 et
705 622 1026 676 subscriptione
1054 622 1249 676 manualj
1275 622 1429 676 prefatj
1458 621 1606 676 Iacobj
1631 623 1884 663 roboratam
1907 628 1950 664 et
1973 623 2268 677 subscriptam

473 706 559 733 non
584 706 729 734 rasam
754 706 841 733 non
864 691 1074 733 viciatam
1104 705 1191 732 non
1225 691 1519 733 cancellatam
1549 705 1630 732 nec
1664 690 1707 731 in
1740 690 1889 744 aliqua
1921 691 1988 732 sui
2020 698 2144 746 parte
2177 705 2270 734 sus-

473 769 647 815 pectam
682 762 757 802 sed
790 761 909 802 omni
933 775 1111 815 prorsus
1133 761 1246 802 vicio
1269 768 1311 802 et
1336 760 1587 815 suspicione
1611 768 1835 802 carentem
1858 767 1904 802 vt
1928 775 1979 803 ex
2011 761 2106 803 eius
2127 761 2270 816 prima

471 830 582 872 facie
623 830 851 884 apparebit
895 830 1054 884 legisse
1094 829 1258 871 vidisse
1304 829 1548 884 inspexisse
1590 836 1632 871 et
1675 831 1730 872 ad
1773 830 1953 884 plenum
1999 831 2270 874 intellexisse

473 899 597 941 cuius
625 906 752 941 tenor
781 899 979 953 sequitur
1007 901 1059 941 de
1088 901 1220 942 verbo
1249 899 1292 941 in
1321 900 1504 941 verbum
1532 906 1574 940 et
1604 906 1669 941 est
1699 894 2124 942 talisOMNIBUS
2153 900 2269 943 hanc

473 975 642 1010 cartam
681 968 839 1010 visuris
876 969 943 1010 vel
982 969 1199 1010 audituris
1238 969 1428 1010 Iacobus
1460 969 1624 1010 huntar
1660 969 1934 1011 cultellarius
1970 969 2080 1012 liber
2114 969 2270 1012 artifex

473 1037 596 1092 burgi
631 1039 683 1079 de
720 1037 928 1081 abirdene
962 1039 1178 1079 Eternam
1217 1037 1260 1079 in
1298 1037 1477 1079 domino
1512 1038 1702 1080 salutem
1735 1037 1949 1079 noueritis
1981 1052 2051 1080 me
2079 1038 2270 1080 vtilitate

473 1120 572 1147 mea
604 1106 647 1147 in
686 1106 769 1148 hac
805 1114 929 1160 parte
965 1107 1156 1161 vndique
1193 1107 1369 1162 preuisa
1403 1113 1445 1149 et
1483 1107 1718 1162 diligenter
1750 1107 2030 1150 considerata
2058 1122 2111 1149 ex
2139 1107 2271 1150 certis

473 1176 620 1217 causis
661 1176 998 1219 rationabilibus
1039 1178 1237 1220 animum
1281 1192 1430 1220 meum
1473 1179 1527 1220 ad
1570 1178 1653 1220 hoc
1695 1178 1979 1221 mouentibus
2019 1178 2270 1221 vendidisse

472 1245 690 1287 alienasse
737 1253 779 1287 et
827 1247 910 1288 hac
954 1247 1146 1302 presenti
1195 1255 1316 1290 carta
1361 1262 1460 1290 mea
1507 1248 1795 1290 confirmasse
1843 1249 1936 1290 Nec
1983 1263 2071 1290 non
2117 1254 2270 1291 tenore

472 1315 742 1368 presentium
780 1317 968 1358 vendere
1010 1317 1203 1359 alienare
1245 1324 1287 1359 et
1331 1318 1414 1359 hac
1457 1317 1650 1371 presenti
1693 1324 1815 1359 carta
1862 1332 1960 1359 mea
2007 1318 2269 1360 confirmare

471 1384 654 1437 prouido
695 1384 787 1426 viro
828 1387 990 1428 andree
1032 1387 1196 1429 huntar
1236 1387 1442 1442 burgensi
1490 1387 1595 1429 dicti
1644 1388 1769 1441 burgi
1818 1387 1909 1429 suis
1950 1388 2186 1430 heredibus
2227 1394 2269 1431 et

471 1454 712 1508 assignatis
739 1463 880 1498 totam
915 1463 956 1498 et
990 1456 1208 1511 integram
1243 1464 1407 1500 terram
1441 1472 1586 1500 meam
1619 1457 1884 1499 anteriorem
1918 1472 2018 1500 cum
2051 1457 2271 1512 pertinen·

471 1524 545 1565 tiis
567 1538 699 1578 quam
723 1532 853 1567 teneo
876 1527 928 1567 de
951 1527 1194 1581 capellanis
1216 1527 1337 1569 chori
1364 1527 1550 1569 ecclesie
1579 1527 1869 1582 parrochialis
1898 1528 1951 1569 de
1980 1527 2204 1569 abirdeine
2226 1527 2270 1569 in

472 1593 721 1636 feudifirma
746 1595 926 1637 Iacente
950 1596 1061 1638 infra
1090 1597 1258 1639 dictum
1288 1598 1476 1652 burgum
1500 1597 1544 1638 in
1566 1597 1663 1639 vico
1685 1598 1908 1639 furcarum
1932 1611 1984 1638 ex
2006 1595 2271 1640 occidentali

473 1670 597 1716 parte
639 1663 836 1705 eiusdem
878 1665 962 1706 vici
1005 1666 1119 1708 inter
1161 1674 1324 1709 terram
1367 1668 1590 1722 quondam
1636 1667 1818 1709 Ioannis
1854 1668 1984 1722 durty
2017 1680 2134 1709 nunc
2170 1681 2272 1709 vero

473 1731 655 1773 villelmi
689 1733 818 1788 oglay
850 1749 902 1776 ex
934 1736 1117 1778 australi
1151 1751 1203 1778 ex
1234 1752 1320 1779 vna
1352 1744 1516 1779 terram
1549 1739 1772 1792 quondam
1810 1737 1984 1780 dauidis
2016 1737 2119 1780 blak
2154 1751 2271 1780 nunc

473 1815 576 1843 vero
602 1802 783 1844 Ioannis
806 1805 1094 1847 robertsoune
1119 1821 1170 1848 ex
1193 1806 1349 1848 boriali
1373 1807 1572 1861 partibus
1601 1808 1656 1849 ab
1685 1807 1824 1849 altera
1847 1821 2130 1849 communem
2153 1806 2272 1848 viam

473 1869 638 1923 regiam
663 1885 816 1913 versus
845 1872 990 1915 oriens
1023 1880 1064 1915 et
1098 1881 1261 1917 terram
1292 1877 1515 1929 quondam
1544 1876 1696 1917 thome
1726 1875 1991 1930 philpsoune
2023 1889 2140 1917 nunc
2169 1889 2272 1916 vero

473 1937 625 1979 thome
648 1939 766 1980 allan
791 1940 972 1982 sartoris
994 1956 1148 1984 versus
1176 1942 1383 1985 occidens
1412 1958 1490 1997 pro
1520 1945 1712 1998 quadam
1736 1950 1857 1985 certa
1884 1957 2059 1985 summa
2087 1942 2272 1997 pecunie

475 2019 606 2059 quam
631 2006 776 2048 dictus
799 2009 986 2051 andreas
1010 2009 1118 2050 mihi
1147 2017 1347 2065 tempore
1379 2010 1670 2052 confectionis
1702 2010 1920 2065 presentis
1952 2017 2073 2052 carte
2105 2024 2202 2052 mee
2227 2009 2272 2052 in

474 2074 661 2128 pecunia
702 2083 936 2118 numerata
973 2077 1017 2118 in
1055 2092 1154 2120 mea
1196 2078 1463 2120 necessitate
1505 2080 1615 2121 bene
1653 2086 1694 2121 et
1732 2079 1920 2121 fideliter
1955 2093 2031 2133 pre
2068 2078 2273 2120 manibus

474 2142 754 2195 persoluebat
787 2144 839 2185 de
873 2158 958 2197 qua
991 2144 1168 2199 quidem
1202 2160 1378 2188 summa
1410 2146 1595 2201 pecunie
1625 2147 1766 2188 fateor
1787 2161 1857 2188 me
1880 2148 1990 2189 bene
2013 2152 2273 2188 contentum

475 2216 517 2251 et
541 2209 736 2264 plenarie
760 2211 1039 2254 satisfactum
1063 2227 1114 2255 ac
1137 2215 1326 2255 eundem
1360 2216 1571 2256 andream
1606 2229 1710 2256 suos
1742 2214 1926 2256 heredes
1952 2221 2208 2256 executores
2230 2220 2273 2256 et

475 2278 728 2332 assignatos
770 2294 848 2334 pro
885 2295 955 2322 me
992 2281 1227 2324 heredibus
1263 2282 1572 2324 executoribus
1614 2289 1656 2324 et
1693 2282 1934 2337 assignatis
1971 2282 2081 2324 meis
2118 2281 2274 2324 exinde

475 2346 622 2400 quiete
659 2347 803 2389 clamo
842 2349 1176 2403 Imperpetuum
1219 2356 1261 2392 et
1303 2364 1493 2392 exonero
1535 2364 1612 2404 per
1647 2356 1875 2405 presentes
1910 2349 2272 2392 TENENDAM

477 2421 519 2455 et
558 2414 809 2457 habendam
851 2422 992 2458 totam
1030 2423 1072 2459 et
1110 2417 1329 2472 integram
1364 2418 1609 2472 predictam
1645 2424 1809 2460 terram
1852 2432 1952 2460 cum
1994 2418 2276 2473 pertinentiis

476 2482 645 2536 prefato
687 2484 848 2525 andree
890 2484 1055 2527 huntar
1097 2485 1188 2527 suis
1229 2485 1464 2528 heredibus
1505 2492 1548 2528 et
1590 2485 1831 2540 assignatis
1871 2501 1897 2528 a
1933 2500 2003 2528 me
2039 2486 2274 2529 heredibus

475 2556 517 2591 et
574 2550 814 2604 assignatis
870 2551 981 2593 meis
1036 2554 1089 2595 de
1137 2553 1347 2608 predictis
1396 2553 1639 2608 capellanis
1695 2560 1737 2595 et
1794 2553 1886 2595 suis
1942 2554 2272 2597 successoribus

477 2618 521 2659 in
572 2618 823 2661 feudifirma
878 2620 1147 2663 hereditaria
1198 2621 1526 2676 imperpetuum
1578 2635 1678 2663 cum
1731 2621 1851 2663 omni
1895 2623 1995 2664 Iure
2046 2629 2089 2664 et
2142 2622 2274 2665 Iuris-

477 2685 648 2727 clameo
699 2686 829 2728 titulo
871 2687 1140 2742 proprietate
1186 2695 1227 2730 et
1269 2688 1549 2743 possessione
1589 2690 1652 2730 Ac
1694 2703 1795 2730 cum
1833 2689 2038 2732 omnibus
2080 2689 2179 2732 aliis
2231 2696 2274 2733 et

477 2753 664 2807 singulis
711 2754 990 2797 libertatibus
1045 2756 1438 2798 commoditatibus
1488 2763 1530 2798 et
1589 2756 1850 2799 asiamentis
1901 2772 1952 2799 ac
2003 2757 2133 2800 iustis
2184 2757 2275 2801 suis

477 2823 758 2877 pertinentiis
790 2824 1127 2880 quibuscunque
1159 2827 1214 2868 ad
1246 2827 1491 2881 predictam
1523 2833 1688 2869 terram
1722 2826 1987 2869 anteriorem
2014 2841 2115 2869 cum
2144 2826 2275 2881 perti—

478 2890 643 2932 nentiis
684 2892 991 2946 spectantibus
1039 2908 1115 2934 seu
1167 2893 1281 2936 iuste
1324 2901 1526 2949 spectare
1566 2894 1818 2936 valentibus
1859 2894 2187 2949 quomodolibet
2229 2894 2274 2936 in
