2524 3418
806 311 933 354 Carta
964 311 1124 353 domini
1159 309 1334 352 Walteri
1366 309 1474 350 blair
1949 320 2028 363 135

627 428 841 484 magister
862 428 1064 470 robertus
1087 439 1275 468 masoun
1299 438 1435 467 manu
1458 423 1635 479 propria

627 499 836 543 dominus
860 498 1084 541 Iohannes
1107 510 1286 551 murray
1308 509 1445 537 manu
1467 493 1646 549 propria

627 569 842 625 magister
858 567 1118 612 Willelmus
1139 565 1396 621 philipsoun
1419 565 1474 607 ad
1497 564 1579 606 hec
1603 577 1738 606 manu
1761 564 1939 619 propria

628 639 836 683 dominus
858 637 993 682 dauid
1016 636 1302 692 medyltoune
1325 648 1462 677 manu
1485 633 1662 689 propria

628 710 836 753 dominus
858 707 991 752 dauid
1013 708 1168 750 baxter
1189 720 1325 748 manu
1348 703 1525 760 propria

1016 892 1240 933 LXXIII.

338 987 585 1030 MNIBUS
608 985 780 1027 HANC
799 982 1056 1027 CARTAM
1074 981 1238 1025 visuris
1253 982 1322 1023 vel
1341 981 1561 1024 audituris
1578 981 1787 1024 dominus
1803 983 2036 1027 Walterus
2065 990 2122 1021 foi.
2142 988 2202 1021 55¹

393 1055 505 1099 blair
532 1053 793 1109 capellanus
823 1052 979 1095 altaris
1006 1057 1161 1094 sancte
1188 1049 1333 1092 crucis
1360 1049 1514 1092 situati
1537 1049 1580 1091 in
1604 1050 1793 1094 ecclesia
1822 1051 1913 1107 diuj
1946 1052 2037 1095 nic-

227 1125 330 1181 olaij
364 1126 417 1168 de
449 1124 671 1168 Abirdene
703 1129 904 1166 eternam
937 1121 982 1163 in
1016 1120 1213 1164 Domino
1251 1120 1452 1163 Salutem
1491 1134 1593 1162 cum
1626 1134 1782 1163 omnes
1819 1121 2039 1164 stabimus

226 1202 345 1238 ante·
358 1195 553 1239 tribunal
587 1193 755 1237 domini
782 1191 922 1235 nostri
952 1191 1080 1234 ihesu
1109 1190 1231 1234 cristi
1261 1190 1356 1233 siue
1389 1191 1555 1234 bonum
1584 1190 1678 1233 siue
1708 1191 1877 1234 malum
1908 1193 2039 1235 fuerit

225 1264 443 1321 recepturi
466 1271 596 1321 prout
618 1264 663 1306 in
686 1278 868 1320 corpore
889 1262 1113 1318 gessimus
1136 1261 1280 1317 Igitur
1301 1260 1418 1303 diem
1442 1260 1629 1303 extremi
1653 1261 1811 1317 Iudicij
1835 1262 2041 1317 operibus

228 1335 530 1379 misericordie
566 1335 806 1391 expediens
842 1340 909 1377 est
947 1332 1181 1389 preuenire
1218 1338 1267 1375 ut
1301 1331 1524 1374 seminata
1557 1331 1602 1373 in
1636 1332 1766 1374 terris
1803 1333 2040 1389 multiplici

225 1406 371 1449 fructu
394 1405 660 1462 colligamus
681 1405 726 1447 in
745 1405 852 1448 celis
869 1405 999 1448 Vnde
1021 1402 1236 1446 noueritis
1254 1417 1325 1445 me
1347 1402 1392 1444 in
1416 1408 1708 1457 augmentum
1732 1402 1871 1445 diuini
1894 1404 2042 1447 cultus

226 1482 270 1520 et
302 1476 517 1520 honorem
546 1476 616 1520 dei
650 1474 971 1532 omnipotentis
1002 1473 1262 1518 beatissime
1288 1472 1474 1528 virginis
1511 1471 1651 1515 marie
1680 1472 1839 1515 matris
1867 1472 1963 1516 eius
1991 1489 2042 1517 ac

226 1546 428 1590 omnium
461 1552 720 1590 sanctorum
752 1552 795 1589 et
829 1551 1087 1588 sanctarum
1127 1542 1302 1586 dedisse
1337 1541 1613 1585 concessisse
1645 1548 1688 1585 et
1721 1542 1805 1585 hac
1838 1551 2043 1598 presente

227 1622 351 1659 carta
383 1630 484 1660 mea
515 1616 805 1659 confirmasse
839 1616 922 1658 deo
955 1612 1253 1669 omnipotenti
1285 1611 1605 1667 gloriosissime
1635 1611 1796 1667 virgini
1828 1613 1966 1656 marie
1999 1620 2041 1656 et

229 1686 437 1730 omnibus
473 1685 643 1729 sanctis
675 1700 727 1729 ac
761 1684 1006 1741 capellanis
1040 1682 1162 1726 chori
1199 1682 1317 1726 beati
1351 1681 1513 1737 nicolaj
1550 1681 1736 1724 ecclesie
1773 1682 2043 1738 parochialis

229 1757 284 1798 de
315 1756 524 1800 abirdene
556 1755 782 1811 perpetuis
815 1769 893 1810 pro
920 1768 1007 1797 vno
1040 1751 1346 1797 anniuersario
1378 1751 1612 1795 annuatim
1645 1751 1909 1796 celebrando
1941 1759 2041 1808 post

230 1825 401 1869 obitum
434 1840 584 1868 meum
617 1831 660 1868 et
692 1825 737 1867 in
769 1824 840 1868 die
871 1823 1020 1867 obitus
1056 1822 1143 1865 mei
1180 1837 1282 1865 cum
1317 1820 1469 1864 missis
1505 1820 1782 1864 celebrandis
1813 1837 1891 1878 per
1921 1822 2043 1878 ipsos

230 1896 488 1952 capellanos
509 1902 552 1940 et
575 1910 728 1939 eorum
751 1894 994 1951 quemlibet
1021 1908 1098 1950 per
1121 1899 1267 1936 totum
1297 1891 1576 1936 octauarium
1599 1897 1648 1935 ut
1671 1892 1807 1935 moris
1833 1898 1900 1936 est
1926 1893 2043 1937 dicte

229 1966 418 2010 ecclesie
454 1981 556 2010 cum
591 1966 847 2022 palsacione
878 1979 1097 2021 campane
1131 1970 1262 2007 nocte
1295 1964 1561 2019 precedente
1595 1977 1673 2019 per
1704 1963 1886 2019 opidum
1921 1970 1965 2007 et
1998 1964 2043 2006 in

230 2036 420 2081 ecclesia
442 2037 486 2080 in
509 2037 705 2081 crastino
728 2038 783 2081 ad
806 2036 992 2080 missam
1016 2037 1071 2079 ad
1094 2036 1235 2079 altare
1258 2039 1412 2078 sancte
1435 2033 1579 2077 crucis
1600 2048 1679 2090 pro
1698 2033 1848 2078 anima
1871 2049 1970 2078 mea
1992 2050 2043 2078 36

231 2107 468 2151 animabus
505 2108 734 2151 alexandri
770 2107 883 2152 blair
914 2106 1055 2163 patris
1089 2105 1176 2150 mei
1208 2111 1251 2148 et
1284 2104 1441 2149 matris
1478 2119 1574 2148 mee
1606 2104 1826 2149 elizabeth
1863 2106 2045 2150 barcula

233 2177 440 2221 mariorie
468 2178 686 2222 blinschel
715 2192 907 2221 nouerce
933 2193 1031 2220 mee
1057 2184 1100 2220 et
1126 2191 1205 2233 pro
1228 2175 1388 2232 quibus
1414 2190 1539 2219 orare
1563 2176 1749 2219 tenebar
1773 2182 1816 2219 et
1843 2176 2043 2220 omnium

233 2248 430 2291 fidelium
458 2249 769 2293 defunctorum
791 2263 928 2292 vnum
955 2262 1155 2292 annuum
1181 2246 1403 2290 redditum
1431 2247 1584 2290 decem
1612 2246 1854 2290 solidorum
1876 2247 2045 2290 vsualis

235 2325 413 2362 monete
444 2320 567 2375 regnj
602 2320 741 2363 scotie
772 2319 1014 2363 leuandum
1047 2317 1281 2362 annuatim
1311 2319 1364 2360 de
1392 2323 1489 2360 tota
1521 2323 1563 2360 et
1596 2317 1769 2373 integra
1799 2323 1918 2361 terra
1949 2324 2044 2361 tam

234 2389 444 2433 anteriori
470 2405 603 2446 quam
627 2390 837 2434 interiore
862 2389 1097 2445 Wilhelmj
1129 2387 1380 2432 blinscheill
1405 2389 1587 2431 Iacente
1615 2387 1728 2431 infra
1757 2387 1925 2431 dictum
1947 2389 2046 2432 bur·
2118 2414 2155 2446 15
2174 2405 2300 2446 Aprilis

234 2473 340 2514 gum
372 2459 417 2502 in
447 2460 546 2504 vico
572 2462 756 2505 nauium
779 2476 832 2504 ex
854 2460 1020 2505 boreali
1045 2466 1171 2516 parte
1197 2459 1396 2502 eiusdem
1418 2458 1504 2502 vici
1530 2458 1646 2501 inter
1669 2465 1835 2502 terram
1862 2458 2048 2501 simonis
2077 2502 2137 2535 pro
2140 2450 2279 2524 dffiffim

235 2529 392 2584 gardin
424 2545 477 2574 ex
508 2531 713 2575 orientali
745 2547 799 2575 ex
828 2546 916 2575 vna
948 2538 991 2574 et
1027 2537 1195 2574 terram
1232 2529 1400 2585 dominj
1435 2531 1489 2573 de
1519 2529 1666 2573 sorbes
1698 2544 1751 2572 ex
1781 2528 2047 2572 occidentali
2077 2546 2191 2568 coram
2205 2536 2341 2568 balliuis

237 2599 439 2655 partibus
460 2602 515 2645 ab
532 2601 672 2645 altera
695 2608 737 2645 et
760 2616 1046 2645 communem
1068 2600 1187 2644 viam
1210 2599 1379 2655 regiam
1401 2614 1557 2642 versus
1579 2604 1781 2643 austrum
1803 2599 2046 2641 tenendum
2078 2590 2135 2621 per
2152 2580 2313 2611 andream

2077 2623 2170 2665 kyng
2185 2623 2305 2655 collec-

237 2669 492 2713 habendum
516 2685 567 2714 ac
589 2671 907 2727 possidendum
929 2677 1075 2714 totum
1098 2677 1140 2713 et
1163 2670 1387 2725 integrum
1410 2669 1579 2712 dictum
1603 2683 1802 2712 annuum
1825 2667 2047 2711 redditum
2077 2672 2185 2741 tOrftm
2202 2673 2321 2699 contra

238 2741 390 2785 decem
422 2741 664 2785 solidorum
692 2743 822 2786 dictis
848 2741 1092 2798 capellanis
1117 2747 1160 2784 et
1188 2741 1280 2784 suis
1306 2740 1638 2784 successoribus
1668 2738 1912 2795 capellanis
1940 2738 2047 2782 dicti
2076 2721 2254 2787 ἒξίιῑξὲἶζῗ

240 2811 362 2854 chori
391 2813 616 2868 perpetuis
637 2829 663 2857 a
685 2829 756 2857 me
785 2819 827 2857 et
856 2813 1094 2857 heredibus
1122 2812 1234 2855 meis
1262 2811 1307 2854 in
1336 2826 1494 2867 puram
1523 2817 1566 2854 et
1595 2817 1857 2867 perpetuam
1886 2810 2047 2853 elemo-
2076 2798 2288 2884 iggssffissffis

238 2881 383 2925 sinam
408 2884 743 2938 Imperpetuum
771 2899 874 2928 cum
900 2884 1022 2928 omni
1049 2886 1150 2939 Iure
1172 2889 1214 2926 et
1243 2882 1359 2926 Iuris
1385 2882 1557 2926 clameo
1580 2888 1622 2925 et
1646 2896 1747 2925 cum
1774 2880 1981 2923 omnibus
2004 2886 2046 2923 et
2152 2885 2342 2918 mollesoun

238 2952 426 3008 singulis
462 2954 743 2999 libertatibus
779 2955 1174 3000 commoditatibus
1207 2960 1249 2997 et
1282 2953 1545 2998 asiamentis
1577 2967 1628 2997 ac
1661 2951 1791 2996 iustis
1828 2951 1920 2994 suis
1951 2964 2047 3008 per-
2233 2928 2343 2962 senba
