2524 3418
951 309 985 350 C
989 312 1083 349 arta
1112 306 1314 349 Iohannis
1345 307 1456 348 mair
2026 320 2107 359 233

296 432 497 481 tempore
535 425 823 467 celebrabunt
856 437 991 464 vnum
1031 421 1387 464 anniuersarium
1426 421 1658 464 annuatim
1696 429 1738 463 et
1774 421 2101 476 imperpetuum

295 495 504 550 exequias
525 495 835 537 defunctorum
853 492 1058 535 videlicet
1082 493 1267 546 placebo
1285 498 1328 534 et
1344 491 1482 546 dirige
1496 491 1540 533 in
1559 492 1628 534 die
1643 491 1817 534 sabbati
1836 490 2102 534 Immediate

296 571 400 607 ante
423 564 693 607 dominicam
728 564 983 606 Secundum
1017 562 1358 617 quadragesime
1390 562 1624 604 annuatim
1657 563 1845 604 durante
1876 561 1968 603 vita
2001 576 2101 604 mea

296 636 356 677 Et
398 642 497 689 post
539 636 772 677 decessum
815 648 965 675 meum
1002 633 1047 674 in
1085 632 1154 675 die
1191 632 1339 674 obitus
1376 632 1462 686 mej
1501 633 1565 674 Ac
1603 632 1788 674 missam
1824 632 1876 673 de
1913 638 2020 673 nota
2056 630 2101 672 in

294 704 517 746 dominica
537 704 804 746 Immediate
827 709 1040 757 sequente
1059 717 1160 744 cum
1184 702 1333 744 missis
1355 702 1659 757 trigintalibus
1681 717 1758 757 per
1774 702 2100 744 hebdomadam

293 773 540 827 proximam
578 773 835 814 immediate
873 778 1133 826 sequentem
1163 778 1208 813 vt
1247 771 1382 813 moris
1417 778 1483 813 est
1519 772 1635 826 apud
1673 772 1812 814 altare
1843 770 2101 814 beatissime

292 842 476 896 virginis
508 842 645 884 marie
678 842 790 884 infra
822 842 1058 884 ecclesiam
1093 841 1415 895 perrochialem
1449 841 1538 896 diuj
1579 842 1788 896 nicholaij
1828 843 1881 884 de
1919 841 2100 884 abirden

291 912 527 954 fundatum
570 927 648 966 pro
685 913 830 954 salute
867 912 1015 954 anime
1050 926 1146 953 mee
1190 918 1232 953 et
1274 912 1525 954 animarum
1563 912 1763 954 omnium
1800 912 2100 967 predictarum

293 983 483 1036 Insuper
514 982 725 1024 collector
755 982 975 1024 dictorum
1009 982 1343 1036 capellanorum
1368 982 1441 1036 qui
1474 996 1552 1036 pro
1575 989 1775 1036 tempore
1803 982 1933 1024 fuerit
1957 982 2101 1024 dictos

290 1067 464 1095 annuos
500 1052 699 1095 redditus
737 1052 969 1094 annuatim
1007 1058 1050 1093 et
1084 1051 1360 1093 terminatim
1401 1058 1448 1093 vt
1488 1051 1761 1105 premittitur
1802 1051 2013 1106 percipiet
2056 1057 2098 1093 et

289 1122 523 1165 distribuet
556 1129 601 1165 vt
634 1123 833 1177 sequitur
863 1121 1069 1164 videlicet
1102 1121 1281 1176 preconi
1314 1135 1416 1163 curn
1449 1135 1673 1175 campana
1708 1121 1908 1163 manuali
1940 1122 1996 1163 ad
2019 1121 2098 1163 cir-

292 1193 593 1234 cumeundum
616 1192 785 1234 dictum
804 1190 1017 1245 oppidum
1041 1197 1172 1232 nocte
1195 1190 1480 1244 exequiarum
1500 1192 1554 1232 ad
1576 1190 1867 1232 Inuitandum
1885 1191 2098 1245 populum

290 1263 346 1304 ad
377 1263 707 1317 deprecandum
740 1276 817 1316 pro
855 1261 1000 1303 salute
1033 1261 1284 1303 animarum
1318 1261 1618 1315 predictarum
1652 1262 1763 1303 duos
1795 1261 2000 1303 denarios
2038 1262 2098 1304 Et

291 1332 478 1392 sacriste
501 1346 578 1386 pro
601 1331 853 1386 pulsatione
887 1331 1224 1384 Campanarum
1248 1331 1364 1372 dicte
1396 1330 1583 1372 ecclesie
1606 1330 1722 1372 trina
1753 1330 1848 1372 vice
1871 1332 1926 1373 ad
1949 1331 2099 1373 huius-

291 1402 409 1443 modi
432 1402 642 1456 exequias
664 1402 708 1443 in
732 1401 801 1443 die
825 1401 999 1443 sabbati
1023 1401 1180 1455 prefati
1205 1402 1265 1442 Et
1289 1401 1495 1442 similiter
1517 1401 1561 1441 in
1585 1400 1808 1443 dominica
1833 1401 2099 1443 Immediate

291 1479 504 1527 sequente
527 1474 582 1514 ad
601 1472 787 1514 missam
811 1471 1148 1526 quatuordecim
1172 1471 1378 1513 denarios
1402 1472 1461 1513 Et
1486 1470 1691 1513 similiter
1722 1471 1920 1525 prefatus
1943 1471 2099 1513 collec-

289 1549 360 1584 tor
390 1557 469 1597 pro
500 1550 700 1597 tempore
732 1542 934 1584 tabulam
967 1542 1205 1583 honestam
1240 1556 1373 1596 super
1405 1548 1747 1583 monumentum
1781 1555 1931 1583 meum
1965 1548 2098 1595 ponet

292 1613 352 1654 Et
386 1613 503 1654 idern
541 1613 676 1667 pallio
714 1612 808 1654 siue
846 1611 1124 1666 coopertorio
1162 1611 1337 1654 decenti
1371 1611 1593 1665 cooperiet
1626 1617 1669 1652 et
1702 1611 1940 1653 luminaria
1972 1625 2100 1653 cerea

289 1683 486 1725 inueniet
523 1683 710 1725 honeste
751 1689 797 1724 vt
839 1683 965 1724 decet
1008 1696 1087 1736 pro
1125 1681 1285 1735 quibus
1327 1682 1409 1724 sibi
1451 1683 1562 1724 duos
1599 1681 1765 1723 solidos
1801 1681 1999 1735 captabit
2039 1682 2098 1723 Et

290 1753 524 1796 annuatim
561 1753 606 1795 in
639 1753 708 1795 die
745 1753 1030 1807 exequiarum
1069 1759 1259 1806 quatuor
1291 1752 1456 1794 solidos
1493 1752 1762 1807 pauperibus
1799 1752 1942 1806 magis
1979 1751 2099 1793 inde-

289 1824 497 1878 gentibus
549 1823 770 1878 errogabit
824 1824 883 1865 Et
925 1822 1144 1877 reliquum
1192 1822 1447 1865 huiusmodi
1495 1821 1852 1865 anniuersarium
1894 1821 2099 1864 videlicet

289 1893 446 1948 viginti
489 1894 654 1936 solidos
697 1900 739 1936 et
781 1900 882 1936 octo
925 1893 1130 1935 denarios
1173 1893 1305 1935 dictis
1347 1893 1592 1948 capellanis
1642 1892 1687 1934 in
1730 1892 1800 1935 die
1842 1892 2097 1934 huiusmodi

289 1963 575 2018 exequiarum
599 1979 677 2019 pro
699 1964 929 2019 premissis
952 1963 1210 2018 prescriptis
1242 1965 1298 2006 ad
1321 1978 1483 2006 manus
1505 1963 1738 2006 distribuet
1771 1969 1814 2005 et
1837 1962 2096 2005 deliberabit

290 2034 349 2076 Et
387 2034 468 2076 hec
506 2034 657 2077 omnia
693 2049 718 2077 a
755 2033 886 2076 dictis
921 2033 1166 2089 capellanis
1203 2040 1245 2075 et
1283 2034 1520 2076 collectore
1556 2040 1599 2076 et
1637 2033 1730 2075 suis
1764 2033 2096 2076 successoribus

289 2104 523 2146 annuatim
547 2111 590 2146 et
612 2104 939 2159 imperpetuum
963 2103 1281 2146 inuiolabiliter
1302 2104 1659 2146 obseruabuntur
1675 2110 1722 2145 vt
1745 2117 1896 2145 coram
1920 2117 2096 2144 summo

290 2173 442 2215 Iudice
465 2173 509 2214 in
533 2173 602 2215 die
625 2173 808 2227 extremj
834 2173 982 2227 iudicij
1008 2174 1275 2227 respondere
1297 2173 1517 2214 voluerint
1541 2173 1740 2215 Tantum
1764 2187 1841 2227 pro
1864 2172 1985 2214 omni
2008 2172 2095 2214 alio

288 2243 470 2285 seruitio
498 2243 686 2297 secularj
719 2243 949 2285 exactione
983 2243 1070 2284 Seu
1103 2243 1325 2284 demanda
1348 2257 1432 2297 que
1455 2243 1508 2284 de
1530 2243 1740 2297 predictis
1763 2242 1924 2285 annuis
1955 2241 2096 2283 reddi-

287 2312 406 2354 tibus
430 2327 531 2354 cum
564 2312 851 2367 pertinenciis
874 2311 1128 2366 aliqualiter
1149 2312 1273 2366 exegi
1296 2311 1490 2366 poterint
1514 2318 1590 2354 aut
1613 2311 1775 2366 requiri
1806 2312 1866 2353 Et
1889 2325 1970 2365 ego
1992 2325 2094 2352 vero

287 2382 433 2424 dictus
457 2383 683 2424 Iohannes
706 2382 819 2424 mair
840 2373 1026 2423 heredes
1058 2382 1143 2436 mej
1169 2389 1212 2423 et
1236 2382 1453 2436 assignati
1476 2396 1632 2424 omnes
1654 2388 1697 2424 et
1731 2381 1931 2436 singulos
1953 2380 2095 2423 dictos

287 2466 460 2494 annuos
483 2453 682 2495 redditus
714 2452 1043 2507 suprascriptos
1066 2466 1167 2493 cum
1191 2451 1477 2506 pertinenciis
1506 2451 1637 2494 dictis
1661 2451 1906 2506 capellanis
1935 2457 1977 2492 et
2001 2450 2093 2492 suis

288 2523 620 2565 successoribus
657 2522 901 2578 capellanis
939 2522 1044 2564 dicti
1083 2522 1204 2564 chori
1242 2523 1295 2563 In
1331 2522 1538 2564 omnibus
1573 2528 1615 2564 et
1654 2537 1732 2577 per
1764 2521 1915 2563 omnia
1950 2521 2091 2562 forma

287 2592 454 2647 pariter
484 2598 526 2634 et
559 2593 718 2634 effectu
749 2598 795 2634 vt
833 2591 1101 2646 premissum
1135 2598 1201 2633 est
1234 2606 1311 2646 per
1342 2605 1498 2633 omnes
1534 2597 1677 2633 terras
1711 2597 1753 2633 et
1788 2589 2093 2645 possessiones

287 2668 464 2705 nostras
487 2667 642 2703 contra
663 2675 819 2703 omnes
842 2661 1056 2703 mortales
1078 2661 1458 2703 varantizabimus
1479 2660 1836 2715 acquietabimus
1857 2666 1900 2702 et
1925 2661 2093 2714 Imper-

286 2737 471 2786 petuum
514 2731 802 2773 defendemus
843 2731 1050 2773 omnibus
1096 2731 1252 2773 fraude
1294 2737 1337 2773 et
1379 2731 1480 2773 dolo
1526 2730 1712 2773 seclusis
1755 2732 1807 2772 In
1850 2729 1989 2773 Cuius
2030 2729 2090 2783 rej

285 2800 617 2843 Testimonium
665 2800 860 2855 sigillum
909 2815 1058 2842 meum
1105 2800 1332 2855 proprium
1378 2815 1572 2842 vnacum
1622 2815 1722 2843 mea
1769 2798 2092 2853 subscriptione

286 2871 484 2925 manualj
531 2872 717 2912 Necnon
761 2870 956 2925 sigillum
1000 2871 1273 2913 honorabilis
1312 2871 1394 2912 viri
1439 2870 1628 2913 Dauidis
1670 2871 1920 2912 andersoun
1960 2868 2091 2910 vnius

285 2940 551 2984 balliuorum
575 2939 681 2983 dicti
714 2939 840 2994 burgi
864 2954 914 2980 ac
948 2935 1116 2981 datoris
1138 2939 1285 2980 sasine
1318 2939 1573 2981 huiusmodi
1607 2946 1710 2980 sunt
1734 2952 1931 2997 appensa
1961 2938 2090 2994 Apud

1149 3009 1211 3039 GG
