2524 3418
765 308 991 350 Commune
1021 305 1196 348 Rentale
1227 304 1547 360 Capellanorum
1576 303 1731 344 ecclesie
2067 314 2147 358 195

464 426 579 467 Item
611 437 689 478 pro
721 424 876 465 eodem
908 423 962 464 de
993 429 1111 464 terra
1143 421 1368 475 quondam
1400 418 1578 473 martinj
1603 419 1735 473 kemp
1757 417 1802 459 in
1824 417 1854 459 li
1875 417 1998 472 grein
2031 432 2148 460 nunc

346 495 496 549 Iacobj
523 494 739 536 collisoun
2078 501 2106 528 v
2128 501 2149 528 3

461 566 651 607 Summa
672 563 806 605 huius
826 576 913 603 xxv
934 576 954 604 3
977 568 1043 603 set
1065 575 1092 602 x
1114 575 1135 603 3
1156 560 1200 602 in
1221 566 1351 602 vasta

462 637 577 677 Item
620 648 698 689 pro
750 633 930 675 domino
971 631 1203 674 XVillelmo
1253 630 1483 672 murisoun
1536 627 1760 682 quondam
1811 632 1966 668 curato
2017 625 2149 667 huius

345 705 461 760 opidj
487 706 540 746 de
567 711 685 746 terra
717 703 940 756 quondam
973 701 1113 756 ipsius
1144 700 1310 754 dominj
1335 698 1552 752 willelmj
1589 699 1770 740 Iacente
1800 695 1846 737 in
1876 695 2001 737 futhe
2032 709 2150 737 nunc

345 773 561 816 Iohannis
583 771 751 826 arthurj
2007 779 2064 807 xx
2086 779 2107 807 3
2124 764 2149 788 ⁵

460 844 647 885 Summa
669 841 802 883 huius
822 856 880 883 xx
901 856 922 883 3

461 914 576 954 Item
609 926 687 966 pro
719 912 952 953 Willelmo
984 910 1187 952 buchane
1219 909 1384 964 pistore
1421 914 1582 963 agnete
1614 906 1842 948 straachin
1874 919 2038 960 sponsa
2071 918 2151 946 sua

345 990 389 1026 et
422 984 586 1025 andrea
617 983 816 1036 gordoun
849 983 902 1023 de
935 980 1123 1034 singulis
1154 980 1276 1021 rudis
1308 978 1515 1032 Willilmj
1550 977 1760 1018 henirson
1792 976 1898 1018 olim
1937 973 2152 1017 Iohannis

343 1067 472 1107 curry
502 1052 656 1094 thome
684 1052 915 1093 chousoun
950 1051 1132 1092 Iacente
1163 1049 1209 1091 in
1241 1050 1380 1103 burgo
1411 1049 1464 1090 de
1498 1048 1688 1101 Inruury
1719 1053 1848 1101 prout
1885 1046 2075 1088 habetur
2104 1044 2149 1086 in

342 1121 579 1164 euidentiis
600 1123 790 1175 desuper
811 1120 1026 1162 confectis
1865 1115 1968 1169 xxiij
1995 1129 2016 1157 3
2036 1114 2097 1169 iiij
2123 1115 2150 1157 d

458 1193 646 1234 Summa
668 1191 801 1233 huius
821 1190 925 1245 xxiij
949 1202 970 1229 s
992 1189 1053 1244 iiij
1079 1190 1106 1231 d

460 1262 576 1304 Item
598 1276 677 1316 pro
697 1261 886 1316 gilberto
908 1274 1089 1302 menzes
1110 1258 1335 1314 preposito
1363 1272 1442 1313 pro
1470 1256 1609 1299 missa
1640 1257 1694 1298 de
1725 1253 2151 1298 commemoratione

342 1331 488 1374 sancti
520 1331 703 1387 spiritus
733 1331 855 1373 omni
886 1330 995 1372 feria
1026 1336 1186 1384 quarta
1218 1330 1274 1371 ad
1306 1329 1447 1371 altare
1479 1326 1623 1370 sancti
1650 1324 1891 1379 sebastianj
1927 1325 1981 1366 de
2012 1323 2151 1366 crofto

341 1403 566 1457 quondam
589 1401 809 1444 willelmi
841 1407 940 1456 prat
973 1414 1092 1442 nunc
1124 1399 1231 1442 dicti
1262 1398 1439 1454 gilberti
1473 1399 1655 1440 Iacente
1686 1409 1822 1451 prope
1843 1393 2149 1436 molendinum

344 1470 584 1525 Iusticiarij
1896 1461 1970 1517 xiij
1995 1476 2016 1503 s
2038 1461 2098 1516 iiij
2124 1462 2151 1503 d

459 1541 576 1582 Item
599 1541 653 1582 de
675 1539 763 1582 alio
789 1539 931 1582 crofto
1914 1532 1956 1587 vj
1982 1546 2003 1574 s
2023 1531 2098 1586 viij
2123 1532 2151 1574 d

459 1611 649 1653 Summa
670 1610 805 1652 huius
825 1624 883 1652 xx
904 1624 926 1651 3

461 1680 577 1721 Item
600 1693 678 1734 pro
700 1678 880 1721 domino
907 1679 1076 1720 Ioanne
1099 1677 1323 1719 chawmer
1344 1689 1423 1730 pro
1445 1673 1584 1716 missa
1606 1675 1660 1716 de
1683 1672 1876 1728 quinque
1896 1670 2153 1714 vulneribus

344 1749 466 1804 cristj
505 1749 627 1791 omni
662 1749 771 1791 feria
808 1756 935 1790 sexta
971 1749 1027 1790 ad
1064 1747 1205 1789 altare
1242 1745 1386 1788 sancti
1429 1744 1667 1787 saluatoris
1703 1745 1757 1785 de
1796 1750 1915 1784 terra
1954 1740 2153 1783 interiori

343 1819 568 1874 quondam
604 1819 759 1860 Ionete
791 1818 965 1859 rolland
995 1830 1114 1858 nunc
1143 1816 1357 1858 heredum
1389 1813 1617 1857 alexandri
1647 1813 1849 1868 gordoun
1881 1810 2076 1866 episcopi
2107 1810 2153 1852 in

340 1887 439 1930 vico
462 1886 676 1942 superiori
698 1886 885 1929 ecclesie
907 1900 960 1928 ex
981 1884 1147 1928 boreali
1169 1891 1296 1940 parte
1321 1883 1520 1926 eiusdem
1944 1879 2063 1935 xxiiij
2089 1893 2111 1922 3
2127 1881 2153 1923 †

460 1957 648 2000 Summa
670 1956 804 1999 huius
824 1956 944 2011 xxiiij
970 1970 991 1998 3
1796 2003 1802 2008 ,

460 2027 576 2068 Item
598 2041 677 2081 pro
700 2026 942 2068 alexandro
958 2025 1151 2068 wschert
1169 2025 1222 2067 de
1239 2031 1357 2067 terra
1379 2024 1606 2079 quondam
1628 2021 1768 2077 ipsius
1789 2034 1908 2063 nunc
1930 2019 2149 2076 capellanj

344 2095 490 2138 sancti
511 2096 665 2138 thome
687 2096 884 2139 martiris
2083 2105 2110 2132 X
2131 2104 2153 2132 S

460 2167 650 2209 Summa
671 2167 805 2209 huius
825 2182 853 2209 x
875 2181 896 2209 3

461 2239 578 2281 Item
600 2253 678 2294 pro
700 2238 881 2281 domino
904 2238 1070 2280 andrea
1092 2236 1318 2279 chawmer
1338 2236 1392 2277 de
1413 2233 1612 2290 predicta
1633 2239 1751 2275 terra
2083 2243 2111 2270 v
2133 2243 2153 2270 3

463 2309 524 2350 Et
547 2316 730 2351 curatus
761 2308 977 2363 magister
1007 2307 1188 2349 thomas
1211 2306 1436 2348 chawmer
1457 2304 1672 2359 magister
1692 2302 1908 2357 gilbertus
1930 2299 2154 2342 chawmer

346 2378 561 2434 magister
595 2380 829 2421 duncanus
865 2378 1090 2421 chawmer
1121 2383 1164 2419 et
1202 2376 1417 2431 gilbertus
1452 2374 1601 2416 litstar
1636 2378 1894 2414 executores
1931 2370 2153 2424 quondam

345 2447 453 2490 dicti
498 2448 665 2490 domini
717 2449 880 2490 andree
931 2447 1157 2489 chawrner
1205 2451 1415 2487 tenentur
1465 2443 1710 2485 secundum
1760 2447 1961 2482 tenorem
2001 2437 2155 2479 vltime

345 2516 592 2558 voluntatis
613 2516 719 2558 dicti
742 2515 911 2558 domini
933 2516 1096 2557 andree
1119 2513 1364 2568 capellanis
1385 2511 1508 2555 chori
1530 2511 1648 2554 beati
1670 2509 1847 2564 nicolaij
1872 2510 1925 2551 de
1947 2507 2155 2550 abirdene

347 2585 573 2628 infeodare
609 2587 662 2627 de
698 2585 799 2640 alijs
835 2585 1029 2640 quinque
1065 2583 1219 2626 solidis
1257 2584 1325 2624 De
1363 2581 1556 2636 quinque
1597 2579 1720 2622 libris
1761 2592 1872 2634 quas
1908 2578 1963 2620 ab
1998 2577 2153 2619 eodem

346 2654 527 2697 domino
549 2655 714 2696 andrea
736 2660 998 2708 receperunt

464 2724 580 2765 Item
612 2738 691 2778 pro
722 2724 885 2765 andree
917 2722 1107 2764 lousoun
1138 2728 1182 2763 et
1212 2733 1346 2762 vxore
1377 2720 1431 2761 de
1462 2724 1579 2760 terra
1611 2716 1779 2759 domini
1805 2716 1968 2757 andree
1990 2728 2156 2769 coupar

345 2793 391 2835 in
413 2793 559 2848 capite
579 2792 664 2847 vicj
688 2792 907 2834 inferioris
932 2791 1119 2834 ecclesie
2049 2783 2107 2838 xij
2133 2797 2154 2825 s

461 2943 479 2958 ⁵
504 2943 637 2975 Gilbert
652 2953 792 2976 menzoe
1310 2942 1327 2980 †
1353 2941 1407 2972 De
1423 2947 1511 2972 terra
1527 2938 1701 2981 quondam
1719 2935 1883 2969 Iohannis
1900 2934 2038 2967 arthour
