<?xml version="1.0" encoding="UTF-8"?>
<!DOCTYPE html PUBLIC "-//W3C//DTD XHTML 1.0 Transitional//EN"
    "http://www.w3.org/TR/xhtml1/DTD/xhtml1-transitional.dtd">
<html xmlns="http://www.w3.org/1999/xhtml" xml:lang="en" lang="en">
 <head>
  <title>
</title>
<meta http-equiv="Content-Type" content="text/html;charset=utf-8" />
  <meta name='ocr-system' content='tesseract 3.04.00' />
  <meta name='ocr-capabilities' content='ocr_page ocr_carea ocr_par ocr_line ocrx_word'/>
</head>
<body>
  <div class='ocr_page' id='page_1' title='image "./cartulariumeccle01sainuoft_0071.png"; bbox 0 0 2524 3418; ppageno 0'>
   <div class='ocr_carea' id='block_1_1' title="bbox 807 280 2067 343">
    <p class='ocr_par' dir='ltr' id='par_1_1' title="bbox 807 280 2067 343">
     <span class='ocr_line' id='line_1_1' title="bbox 807 280 2067 343; baseline 0.002 -20"><span class='ocrx_word' id='word_1_1' title='bbox 807 280 1023 323; x_wconf 79' lang='lat' dir='ltr'>Fundacio</span> <span class='ocrx_word' id='word_1_2' title='bbox 1060 280 1262 324; x_wconf 77' lang='lat' dir='ltr'>Willelmi</span> <span class='ocrx_word' id='word_1_3' title='bbox 1291 281 1503 325; x_wconf 76' lang='lat' dir='ltr'>Meldrum</span> <span class='ocrx_word' id='word_1_4' title='bbox 2014 301 2067 343; x_wconf 81' lang='lat'>39</span> 
     </span>
    </p>
   </div>
   <div class='ocr_carea' id='block_1_2' title="bbox 257 395 2070 806">
    <p class='ocr_par' dir='ltr' id='par_1_2' title="bbox 257 395 2070 735">
     <span class='ocr_line' id='line_1_2' title="bbox 258 395 2068 458; baseline 0.005 -20"><span class='ocrx_word' id='word_1_5' title='bbox 258 395 403 453; x_wconf 89' lang='lat' dir='ltr'>posito</span> <span class='ocrx_word' id='word_1_6' title='bbox 439 397 492 439; x_wconf 91' lang='lat' dir='ltr'>de</span> <span class='ocrx_word' id='word_1_7' title='bbox 529 395 739 440; x_wconf 90' lang='lat' dir='ltr'>abirdene</span> <span class='ocrx_word' id='word_1_8' title='bbox 771 396 1023 439; x_wconf 80' lang='lat' dir='ltr'>Alexandro</span> <span class='ocrx_word' id='word_1_9' title='bbox 1061 410 1240 439; x_wconf 82' lang='lat' dir='ltr'>menzes</span> <span class='ocrx_word' id='word_1_10' title='bbox 1279 398 1475 440; x_wconf 88' lang='lat' dir='ltr'>Roberto</span> <span class='ocrx_word' id='word_1_11' title='bbox 1513 397 1718 441; x_wconf 90' lang='lat' dir='ltr'>blindsell</span> <span class='ocrx_word' id='word_1_12' title='bbox 1751 399 1930 445; x_wconf 89' lang='lat' dir='ltr'>Thoma</span> <span class='ocrx_word' id='word_1_13' title='bbox 1968 409 2068 458; x_wconf 87' lang='lat' dir='ltr'>prat</span> 
     </span>
     <span class='ocr_line' id='line_1_3' title="bbox 258 467 2070 529; baseline 0.003 -20"><span class='ocrx_word' id='word_1_14' title='bbox 258 467 511 510; x_wconf 85' lang='lat' dir='ltr'>Alexandro</span> <span class='ocrx_word' id='word_1_15' title='bbox 562 468 637 510; x_wconf 89' lang='lat' dir='ltr'>red</span> <span class='ocrx_word' id='word_1_16' title='bbox 688 468 867 510; x_wconf 88' lang='lat' dir='ltr'>Andrea</span> <span class='ocrx_word' id='word_1_17' title='bbox 918 467 1117 510; x_wconf 89' lang='lat' dir='ltr'>braunch</span> <span class='ocrx_word' id='word_1_18' title='bbox 1174 467 1428 510; x_wconf 84' lang='lat' dir='ltr'>Alexandro</span> <span class='ocrx_word' id='word_1_19' title='bbox 1484 482 1604 511; x_wconf 88' lang='lat' dir='ltr'>marr</span> <span class='ocrx_word' id='word_1_20' title='bbox 1654 470 1833 514; x_wconf 90' lang='lat' dir='ltr'>Andrea</span> <span class='ocrx_word' id='word_1_21' title='bbox 1889 486 2070 529; x_wconf 84' lang='lat' dir='ltr'>murray</span> 
     </span>
     <span class='ocr_line' id='line_1_4' title="bbox 259 537 2069 593; baseline 0.002 -12"><span class='ocrx_word' id='word_1_22' title='bbox 259 538 464 581; x_wconf 62' lang='lat' dir='ltr'>XValtero</span> <span class='ocrx_word' id='word_1_23' title='bbox 493 538 710 581; x_wconf 86' lang='lat' dir='ltr'>auchnew</span> <span class='ocrx_word' id='word_1_24' title='bbox 739 537 1034 593; x_wconf 80' lang='lat' dir='ltr'>burgensibus</span> <span class='ocrx_word' id='word_1_25' title='bbox 1063 538 1116 580; x_wconf 90' lang='lat' dir='ltr'>de</span> <span class='ocrx_word' id='word_1_26' title='bbox 1146 537 1356 580; x_wconf 89' lang='lat' dir='ltr'>abirdene</span> <span class='ocrx_word' id='word_1_27' title='bbox 1388 538 1588 581; x_wconf 82' lang='lat' dir='ltr'>Iohanne</span> <span class='ocrx_word' id='word_1_28' title='bbox 1620 540 1816 582; x_wconf 82' lang='lat' dir='ltr'>menzeis</span> <span class='ocrx_word' id='word_1_29' title='bbox 1837 541 2069 585; x_wconf 85' lang='lat' dir='ltr'>Willelmo</span> 
     </span>
     <span class='ocr_line' id='line_1_5' title="bbox 257 608 2066 668; baseline 0.002 -17"><span class='ocrx_word' id='word_1_30' title='bbox 257 609 432 652; x_wconf 89' lang='lat' dir='ltr'>blinsell</span> <span class='ocrx_word' id='word_1_31' title='bbox 462 610 634 652; x_wconf 89' lang='lat' dir='ltr'>duobus</span> <span class='ocrx_word' id='word_1_32' title='bbox 656 609 921 652; x_wconf 87' lang='lat' dir='ltr'>balliuorum</span> <span class='ocrx_word' id='word_1_33' title='bbox 946 608 1144 651; x_wconf 88' lang='lat' dir='ltr'>eiusdem</span> <span class='ocrx_word' id='word_1_34' title='bbox 1167 623 1218 651; x_wconf 90' lang='lat' dir='ltr'>ac</span> <span class='ocrx_word' id='word_1_35' title='bbox 1242 609 1422 652; x_wconf 90' lang='lat' dir='ltr'>domino</span> <span class='ocrx_word' id='word_1_36' title='bbox 1446 609 1647 653; x_wconf 83' lang='lat' dir='ltr'>Iohanne</span> <span class='ocrx_word' id='word_1_37' title='bbox 1677 611 1923 667; x_wconf 83' lang='lat' dir='ltr'>streneling</span> <span class='ocrx_word' id='word_1_38' title='bbox 1948 628 2066 668; x_wconf 90' lang='lat' dir='ltr'>pres-</span> 
     </span>
     <span class='ocr_line' id='line_1_6' title="bbox 260 678 1308 735; baseline -0.002 -13"><span class='ocrx_word' id='word_1_39' title='bbox 260 682 413 735; x_wconf 91' lang='lat' dir='ltr'>bytero</span> <span class='ocrx_word' id='word_1_40' title='bbox 436 694 487 722; x_wconf 91' lang='lat' dir='ltr'>ac</span> <span class='ocrx_word' id='word_1_41' title='bbox 510 678 684 722; x_wconf 90' lang='lat' dir='ltr'>notario</span> <span class='ocrx_word' id='word_1_42' title='bbox 706 679 882 734; x_wconf 86' lang='lat' dir='ltr'>publico</span> <span class='ocrx_word' id='word_1_43' title='bbox 907 693 1006 721; x_wconf 88' lang='lat' dir='ltr'>cum</span> <span class='ocrx_word' id='word_1_44' title='bbox 1032 678 1186 721; x_wconf 88' lang='lat' dir='ltr'>multis</span> <span class='ocrx_word' id='word_1_45' title='bbox 1209 678 1308 721; x_wconf 88' lang='lat' dir='ltr'>aliis</span> 
     </span>
    </p>

    <p class='ocr_par' dir='ltr' id='par_1_3' title="bbox 375 750 1122 806">
     <span class='ocr_line' id='line_1_7' title="bbox 375 750 1122 806; baseline -0.001 -14"><span class='ocrx_word' id='word_1_46' title='bbox 375 751 549 793; x_wconf 78' lang='lat' dir='ltr'>Stmzmcz</span> <span class='ocrx_word' id='word_1_47' title='bbox 572 750 691 805; x_wconf 72' lang='lat' dir='ltr'>liujus</span> <span class='ocrx_word' id='word_1_48' title='bbox 713 750 935 806; x_wconf 65' lang='lat' dir='ltr'>capellanie</span> <span class='ocrx_word' id='word_1_49' title='bbox 959 766 981 791; x_wconf 76' lang='lat' dir='ltr'><em>v</em></span> <span class='ocrx_word' id='word_1_50' title='bbox 1005 750 1037 791; x_wconf 75' lang='grc' dir='ltr'>[ι’</span> <span class='ocrx_word' id='word_1_51' title='bbox 1058 765 1084 791; x_wconf 80' lang='lat' dir='ltr'><em>x</em></span> <span class='ocrx_word' id='word_1_52' title='bbox 1105 766 1122 791; x_wconf 87' lang='lat' dir='ltr'>s</span> 
     </span>
    </p>
   </div>
   <div class='ocr_carea' id='block_1_3' title="bbox 481 999 1835 1149">
    <p class='ocr_par' dir='ltr' id='par_1_4' title="bbox 481 999 1835 1149">
     <span class='ocr_line' id='line_1_8' title="bbox 1099 999 1225 1039; baseline 0.008 -1"><span class='ocrx_word' id='word_1_53' title='bbox 1099 999 1225 1039; x_wconf 80' lang='lat' dir='ltr'>XVI.</span> 
     </span>
     <span class='ocr_line' id='line_1_9' title="bbox 481 1092 1835 1149; baseline 0.002 -14"><span class='ocrx_word' id='word_1_54' title='bbox 481 1092 611 1148; x_wconf 74' lang='lat' dir='ltr'>Copia</span> <span class='ocrx_word' id='word_1_55' title='bbox 643 1093 772 1134; x_wconf 75' lang='lat' dir='ltr'>littere</span> <span class='ocrx_word' id='word_1_56' title='bbox 805 1092 927 1133; x_wconf 72' lang='lat' dir='ltr'>hallia</span> <span class='ocrx_word' id='word_1_57' title='bbox 957 1096 993 1134; x_wconf 72' lang='grc' dir='ltr'>εί</span> <span class='ocrx_word' id='word_1_58' title='bbox 1016 1093 1276 1148; x_wconf 74' lang='lat' dir='ltr'>possessionis</span> <span class='ocrx_word' id='word_1_59' title='bbox 1307 1098 1424 1149; x_wconf 72' lang='lat' dir='ltr'>super</span> <span class='ocrx_word' id='word_1_60' title='bbox 1454 1094 1691 1137; x_wconf 70' lang='lat' dir='ltr'>huiusmodi</span> <span class='ocrx_word' id='word_1_61' title='bbox 1721 1100 1835 1138; x_wconf 79' lang='lat' dir='ltr'>carta</span> 
     </span>
    </p>
   </div>
   <div class='ocr_carea' id='block_1_4' title="bbox 247 1185 2070 2862">
    <p class='ocr_par' dir='ltr' id='par_1_5' title="bbox 247 1185 2070 2862">
     <span class='ocr_line' id='line_1_10' title="bbox 417 1185 2069 1241; baseline 0.003 -13"><span class='ocrx_word' id='word_1_62' title='bbox 417 1186 749 1228; x_wconf 89' lang='lat' dir='ltr'>ILLELMUS</span> <span class='ocrx_word' id='word_1_63' title='bbox 782 1185 1001 1227; x_wconf 90' lang='lat' dir='ltr'>meldrum</span> <span class='ocrx_word' id='word_1_64' title='bbox 1025 1187 1078 1228; x_wconf 90' lang='lat' dir='ltr'>de</span> <span class='ocrx_word' id='word_1_65' title='bbox 1103 1186 1215 1240; x_wconf 86' lang='lat' dir='ltr'>nye</span> <span class='ocrx_word' id='word_1_66' title='bbox 1244 1200 1295 1228; x_wconf 86' lang='lat' dir='ltr'>ac</span> <span class='ocrx_word' id='word_1_67' title='bbox 1324 1193 1540 1241; x_wconf 87' lang='lat' dir='ltr'>patronus</span> <span class='ocrx_word' id='word_1_68' title='bbox 1562 1202 1692 1230; x_wconf 90' lang='lat' dir='ltr'>verus</span> <span class='ocrx_word' id='word_1_69' title='bbox 1714 1195 1757 1231; x_wconf 93' lang='lat' dir='ltr'>et</span> <span class='ocrx_word' id='word_1_70' title='bbox 1782 1189 2069 1233; x_wconf 87' lang='lat' dir='ltr'>Indubitatus</span> 
     </span>
     <span class='ocr_line' id='line_1_11' title="bbox 473 1253 2065 1316; baseline 0.004 -19"><span class='ocrx_word' id='word_1_71' title='bbox 473 1254 627 1297; x_wconf 87' lang='lat' dir='ltr'>altaris</span> <span class='ocrx_word' id='word_1_72' title='bbox 650 1253 767 1297; x_wconf 88' lang='lat' dir='ltr'>beati</span> <span class='ocrx_word' id='word_1_73' title='bbox 791 1253 974 1308; x_wconf 86' lang='lat' dir='ltr'>Ninianj</span> <span class='ocrx_word' id='word_1_74' title='bbox 1007 1254 1274 1296; x_wconf 86' lang='lat' dir='ltr'>confessoris</span> <span class='ocrx_word' id='word_1_75' title='bbox 1296 1254 1409 1298; x_wconf 85' lang='lat' dir='ltr'>infra</span> <span class='ocrx_word' id='word_1_76' title='bbox 1437 1256 1674 1300; x_wconf 90' lang='lat' dir='ltr'>ecclesiam</span> <span class='ocrx_word' id='word_1_77' title='bbox 1705 1258 1823 1301; x_wconf 88' lang='lat' dir='ltr'>beati</span> <span class='ocrx_word' id='word_1_78' title='bbox 1855 1259 2065 1316; x_wconf 91' lang='lat' dir='ltr'>nicholaij</span> 
     </span>
     <span class='ocr_line' id='line_1_12' title="bbox 253 1323 2068 1379; baseline 0.002 -11"><span class='ocrx_word' id='word_1_79' title='bbox 253 1326 308 1368; x_wconf 91' lang='lat' dir='ltr'>de</span> <span class='ocrx_word' id='word_1_80' title='bbox 343 1323 538 1368; x_wconf 89' lang='lat' dir='ltr'>Abirden</span> <span class='ocrx_word' id='word_1_81' title='bbox 576 1323 730 1366; x_wconf 80' lang='lat' dir='ltr'>situati</span> <span class='ocrx_word' id='word_1_82' title='bbox 768 1323 1104 1366; x_wconf 83' lang='lat' dir='ltr'>honorabilibus</span> <span class='ocrx_word' id='word_1_83' title='bbox 1140 1324 1246 1366; x_wconf 89' lang='lat' dir='ltr'>viris</span> <span class='ocrx_word' id='word_1_84' title='bbox 1282 1324 1462 1379; x_wconf 83' lang='lat' dir='ltr'>georgio</span> <span class='ocrx_word' id='word_1_85' title='bbox 1504 1327 1723 1369; x_wconf 90' lang='lat' dir='ltr'>meldrum</span> <span class='ocrx_word' id='word_1_86' title='bbox 1761 1327 1851 1370; x_wconf 89' lang='lat' dir='ltr'>filio</span> <span class='ocrx_word' id='word_1_87' title='bbox 1889 1344 1988 1371; x_wconf 91' lang='lat' dir='ltr'>meo</span> <span class='ocrx_word' id='word_1_88' title='bbox 2025 1337 2068 1372; x_wconf 91' lang='lat' dir='ltr'>et</span> 
     </span>
     <span class='ocr_line' id='line_1_13' title="bbox 251 1393 2070 1450; baseline 0.002 -12"><span class='ocrx_word' id='word_1_89' title='bbox 251 1394 485 1450; x_wconf 83' lang='lat' dir='ltr'>apparenti</span> <span class='ocrx_word' id='word_1_90' title='bbox 517 1393 668 1436; x_wconf 90' lang='lat' dir='ltr'>heredi</span> <span class='ocrx_word' id='word_1_91' title='bbox 697 1393 949 1436; x_wconf 82' lang='lat' dir='ltr'>Alexandro</span> <span class='ocrx_word' id='word_1_92' title='bbox 972 1395 1025 1436; x_wconf 89' lang='lat' dir='ltr'>de</span> <span class='ocrx_word' id='word_1_93' title='bbox 1055 1408 1233 1436; x_wconf 92' lang='lat' dir='ltr'>camera</span> <span class='ocrx_word' id='word_1_94' title='bbox 1260 1394 1427 1449; x_wconf 90' lang='lat' dir='ltr'>juniori</span> <span class='ocrx_word' id='word_1_95' title='bbox 1453 1396 1506 1438; x_wconf 93' lang='lat' dir='ltr'>de</span> <span class='ocrx_word' id='word_1_96' title='bbox 1541 1397 1731 1439; x_wconf 88' lang='lat' dir='ltr'>methlik</span> <span class='ocrx_word' id='word_1_97' title='bbox 1761 1398 1951 1440; x_wconf 89' lang='lat' dir='ltr'>Iohanni</span> <span class='ocrx_word' id='word_1_98' title='bbox 1984 1399 2070 1442; x_wconf 87' lang='lat' dir='ltr'>low</span> 
     </span>
     <span class='ocr_line' id='line_1_14' title="bbox 252 1464 2069 1519; baseline 0.002 -11"><span class='ocrx_word' id='word_1_99' title='bbox 252 1472 295 1508; x_wconf 84' lang='lat' dir='ltr'>et</span> <span class='ocrx_word' id='word_1_100' title='bbox 321 1465 471 1508; x_wconf 90' lang='lat' dir='ltr'>Dauid</span> <span class='ocrx_word' id='word_1_101' title='bbox 493 1464 750 1507; x_wconf 88' lang='lat' dir='ltr'>crukshank</span> <span class='ocrx_word' id='word_1_102' title='bbox 772 1470 815 1506; x_wconf 88' lang='lat' dir='ltr'>et</span> <span class='ocrx_word' id='word_1_103' title='bbox 838 1479 990 1506; x_wconf 90' lang='lat' dir='ltr'>eorum</span> <span class='ocrx_word' id='word_1_104' title='bbox 1015 1464 1142 1506; x_wconf 89' lang='lat' dir='ltr'>alteri</span> <span class='ocrx_word' id='word_1_105' title='bbox 1166 1464 1442 1519; x_wconf 82' lang='lat' dir='ltr'>conjunctim</span> <span class='ocrx_word' id='word_1_106' title='bbox 1466 1472 1508 1507; x_wconf 94' lang='lat' dir='ltr'>et</span> <span class='ocrx_word' id='word_1_107' title='bbox 1536 1466 1713 1509; x_wconf 87' lang='lat' dir='ltr'>divisim</span> <span class='ocrx_word' id='word_1_108' title='bbox 1743 1468 1918 1510; x_wconf 87' lang='lat' dir='ltr'>ballivis</span> <span class='ocrx_word' id='word_1_109' title='bbox 1941 1469 2069 1512; x_wconf 89' lang='lat' dir='ltr'>meiis</span> 
     </span>
     <span class='ocr_line' id='line_1_15' title="bbox 253 1534 2067 1592; baseline 0.003 -14"><span class='ocrx_word' id='word_1_110' title='bbox 253 1535 589 1591; x_wconf 90' lang='lat' dir='ltr'>prenotabiliter</span> <span class='ocrx_word' id='word_1_111' title='bbox 617 1534 875 1577; x_wconf 87' lang='lat' dir='ltr'>constitutis</span> <span class='ocrx_word' id='word_1_112' title='bbox 897 1534 942 1576; x_wconf 92' lang='lat' dir='ltr'>in</span> <span class='ocrx_word' id='word_1_113' title='bbox 966 1534 1049 1577; x_wconf 90' lang='lat' dir='ltr'>hac</span> <span class='ocrx_word' id='word_1_114' title='bbox 1074 1541 1279 1589; x_wconf 82' lang='lat' dir='ltr'>presente</span> <span class='ocrx_word' id='word_1_115' title='bbox 1310 1535 1513 1578; x_wconf 86' lang='lat' dir='ltr'>Salutem</span> <span class='ocrx_word' id='word_1_116' title='bbox 1538 1537 1654 1592; x_wconf 82' lang='lat' dir='ltr'>Quia</span> <span class='ocrx_word' id='word_1_117' title='bbox 1677 1538 1776 1580; x_wconf 91' lang='lat' dir='ltr'>dedi</span> <span class='ocrx_word' id='word_1_118' title='bbox 1799 1545 1842 1581; x_wconf 89' lang='lat' dir='ltr'>et</span> <span class='ocrx_word' id='word_1_119' title='bbox 1865 1540 2067 1583; x_wconf 85' lang='lat' dir='ltr'>concessi</span> 
     </span>
     <span class='ocr_line' id='line_1_16' title="bbox 253 1604 2065 1664; baseline 0.003 -16"><span class='ocrx_word' id='word_1_120' title='bbox 253 1606 297 1648; x_wconf 90' lang='lat' dir='ltr'>in</span> <span class='ocrx_word' id='word_1_121' title='bbox 321 1605 734 1660; x_wconf 84' lang='lat' dir='ltr'>augmentationem</span> <span class='ocrx_word' id='word_1_122' title='bbox 759 1605 907 1647; x_wconf 90' lang='lat' dir='ltr'>cultus</span> <span class='ocrx_word' id='word_1_123' title='bbox 930 1604 1067 1648; x_wconf 90' lang='lat' dir='ltr'>divini</span> <span class='ocrx_word' id='word_1_124' title='bbox 1090 1620 1168 1660; x_wconf 88' lang='lat' dir='ltr'>pro</span> <span class='ocrx_word' id='word_1_125' title='bbox 1192 1604 1343 1648; x_wconf 89' lang='lat' dir='ltr'>anima</span> <span class='ocrx_word' id='word_1_126' title='bbox 1366 1620 1465 1649; x_wconf 90' lang='lat' dir='ltr'>mea</span> <span class='ocrx_word' id='word_1_127' title='bbox 1489 1607 1812 1663; x_wconf 86' lang='lat' dir='ltr'>animabusque</span> <span class='ocrx_word' id='word_1_128' title='bbox 1830 1617 2065 1664; x_wconf 91' lang='lat' dir='ltr'>parentum</span> 
     </span>
     <span class='ocr_line' id='line_1_17' title="bbox 254 1678 2064 1724; baseline 0.002 -5"><span class='ocrx_word' id='word_1_129' title='bbox 254 1691 454 1719; x_wconf 90' lang='lat' dir='ltr'>meorum</span> <span class='ocrx_word' id='word_1_130' title='bbox 492 1682 827 1719; x_wconf 90' lang='lat' dir='ltr'>antecessorum</span> <span class='ocrx_word' id='word_1_131' title='bbox 865 1682 908 1718; x_wconf 93' lang='lat' dir='ltr'>et</span> <span class='ocrx_word' id='word_1_132' title='bbox 946 1690 1257 1718; x_wconf 90' lang='lat' dir='ltr'>successorum</span> <span class='ocrx_word' id='word_1_133' title='bbox 1301 1690 1501 1719; x_wconf 89' lang='lat' dir='ltr'>meorum</span> <span class='ocrx_word' id='word_1_134' title='bbox 1544 1684 1586 1720; x_wconf 92' lang='lat' dir='ltr'>et</span> <span class='ocrx_word' id='word_1_135' title='bbox 1624 1678 1824 1721; x_wconf 89' lang='lat' dir='ltr'>omnium</span> <span class='ocrx_word' id='word_1_136' title='bbox 1867 1680 2064 1724; x_wconf 87' lang='lat' dir='ltr'>fidelium</span> 
     </span>
     <span class='ocr_line' id='line_1_18' title="bbox 253 1745 2063 1803; baseline 0.002 -13"><span class='ocrx_word' id='word_1_137' title='bbox 253 1748 563 1790; x_wconf 87' lang='lat' dir='ltr'>defunctorum</span> <span class='ocrx_word' id='word_1_138' title='bbox 601 1746 792 1789; x_wconf 91' lang='lat' dir='ltr'>discreto</span> <span class='ocrx_word' id='word_1_139' title='bbox 824 1745 917 1788; x_wconf 91' lang='lat' dir='ltr'>viro</span> <span class='ocrx_word' id='word_1_140' title='bbox 952 1746 1132 1788; x_wconf 90' lang='lat' dir='ltr'>domino</span> <span class='ocrx_word' id='word_1_141' title='bbox 1172 1747 1369 1788; x_wconf 92' lang='lat' dir='ltr'>Roberto</span> <span class='ocrx_word' id='word_1_142' title='bbox 1407 1746 1488 1789; x_wconf 86' lang='lat' dir='ltr'>leis</span> <span class='ocrx_word' id='word_1_143' title='bbox 1525 1748 1758 1803; x_wconf 90' lang='lat' dir='ltr'>capellano</span> <span class='ocrx_word' id='word_1_144' title='bbox 1796 1764 1895 1792; x_wconf 90' lang='lat' dir='ltr'>meo</span> <span class='ocrx_word' id='word_1_145' title='bbox 1926 1765 2063 1793; x_wconf 90' lang='lat' dir='ltr'>vnum</span> 
     </span>
     <span class='ocr_line' id='line_1_19' title="bbox 252 1816 2062 1871; baseline 0.002 -11"><span class='ocrx_word' id='word_1_146' title='bbox 252 1832 451 1860; x_wconf 88' lang='lat' dir='ltr'>annuum</span> <span class='ocrx_word' id='word_1_147' title='bbox 470 1817 691 1860; x_wconf 89' lang='lat' dir='ltr'>redditum</span> <span class='ocrx_word' id='word_1_148' title='bbox 711 1816 1006 1871; x_wconf 83' lang='lat' dir='ltr'>quadraginta</span> <span class='ocrx_word' id='word_1_149' title='bbox 1026 1816 1268 1859; x_wconf 88' lang='lat' dir='ltr'>solidorum</span> <span class='ocrx_word' id='word_1_150' title='bbox 1286 1817 1456 1859; x_wconf 90' lang='lat' dir='ltr'>vsualis</span> <span class='ocrx_word' id='word_1_151' title='bbox 1480 1825 1658 1860; x_wconf 91' lang='lat' dir='ltr'>monete</span> <span class='ocrx_word' id='word_1_152' title='bbox 1682 1819 1827 1862; x_wconf 86' lang='lat' dir='ltr'>scocie</span> <span class='ocrx_word' id='word_1_153' title='bbox 1845 1826 2062 1864; x_wconf 89' lang='lat' dir='ltr'>terrarum</span> 
     </span>
     <span class='ocr_line' id='line_1_20' title="bbox 251 1887 2064 1946; baseline 0.001 -15"><span class='ocrx_word' id='word_1_154' title='bbox 251 1890 305 1931; x_wconf 93' lang='lat' dir='ltr'>de</span> <span class='ocrx_word' id='word_1_155' title='bbox 327 1890 646 1933; x_wconf 89' lang='lat' dir='ltr'>Wattertoune</span> <span class='ocrx_word' id='word_1_156' title='bbox 679 1902 780 1930; x_wconf 88' lang='lat' dir='ltr'>cum</span> <span class='ocrx_word' id='word_1_157' title='bbox 805 1887 897 1930; x_wconf 91' lang='lat' dir='ltr'>suis</span> <span class='ocrx_word' id='word_1_158' title='bbox 920 1887 1207 1942; x_wconf 90' lang='lat' dir='ltr'>pertinenciis</span> <span class='ocrx_word' id='word_1_159' title='bbox 1233 1888 1485 1930; x_wconf 90' lang='lat' dir='ltr'>Iacentium</span> <span class='ocrx_word' id='word_1_160' title='bbox 1519 1903 1652 1944; x_wconf 92' lang='lat' dir='ltr'>super</span> <span class='ocrx_word' id='word_1_161' title='bbox 1684 1904 1800 1944; x_wconf 89' lang='lat' dir='ltr'>aqua</span> <span class='ocrx_word' id='word_1_162' title='bbox 1822 1891 1875 1932; x_wconf 91' lang='lat' dir='ltr'>de</span> <span class='ocrx_word' id='word_1_163' title='bbox 1896 1890 2064 1946; x_wconf 89' lang='lat' dir='ltr'>ythane</span> 
     </span>
     <span class='ocr_line' id='line_1_21' title="bbox 251 1957 2063 2014; baseline 0.001 -13"><span class='ocrx_word' id='word_1_164' title='bbox 251 1960 295 2001; x_wconf 92' lang='lat' dir='ltr'>in</span> <span class='ocrx_word' id='word_1_165' title='bbox 328 1959 540 2014; x_wconf 89' lang='lat' dir='ltr'>parochia</span> <span class='ocrx_word' id='word_1_166' title='bbox 567 1960 619 2001; x_wconf 92' lang='lat' dir='ltr'>de</span> <span class='ocrx_word' id='word_1_167' title='bbox 647 1958 764 2000; x_wconf 91' lang='lat' dir='ltr'>ellon</span> <span class='ocrx_word' id='word_1_168' title='bbox 787 1958 831 2000; x_wconf 90' lang='lat' dir='ltr'>in</span> <span class='ocrx_word' id='word_1_169' title='bbox 855 1957 1072 2000; x_wconf 89' lang='lat' dir='ltr'>comitatu</span> <span class='ocrx_word' id='word_1_170' title='bbox 1104 1958 1309 2001; x_wconf 88' lang='lat' dir='ltr'>buchane</span> <span class='ocrx_word' id='word_1_171' title='bbox 1343 1959 1404 2001; x_wconf 90' lang='lat' dir='ltr'>Et</span> <span class='ocrx_word' id='word_1_172' title='bbox 1437 1959 1575 2001; x_wconf 91' lang='lat' dir='ltr'>alium</span> <span class='ocrx_word' id='word_1_173' title='bbox 1608 1974 1808 2002; x_wconf 90' lang='lat' dir='ltr'>annuum</span> <span class='ocrx_word' id='word_1_174' title='bbox 1841 1961 2063 2004; x_wconf 89' lang='lat' dir='ltr'>redditum</span> 
     </span>
     <span class='ocr_line' id='line_1_22' title="bbox 250 2029 2062 2085; baseline 0.002 -14"><span class='ocrx_word' id='word_1_175' title='bbox 250 2029 407 2085; x_wconf 81' lang='lat' dir='ltr'>viginti</span> <span class='ocrx_word' id='word_1_176' title='bbox 431 2045 507 2072; x_wconf 87' lang='lat' dir='ltr'>sex</span> <span class='ocrx_word' id='word_1_177' title='bbox 530 2029 772 2072; x_wconf 89' lang='lat' dir='ltr'>solidorum</span> <span class='ocrx_word' id='word_1_178' title='bbox 797 2035 839 2071; x_wconf 87' lang='lat' dir='ltr'>et</span> <span class='ocrx_word' id='word_1_179' title='bbox 863 2035 964 2071; x_wconf 89' lang='lat' dir='ltr'>octo</span> <span class='ocrx_word' id='word_1_180' title='bbox 987 2029 1270 2072; x_wconf 88' lang='lat' dir='ltr'>denariorum</span> <span class='ocrx_word' id='word_1_181' title='bbox 1289 2030 1342 2072; x_wconf 92' lang='lat' dir='ltr'>de</span> <span class='ocrx_word' id='word_1_182' title='bbox 1360 2029 1490 2072; x_wconf 90' lang='lat' dir='ltr'>terris</span> <span class='ocrx_word' id='word_1_183' title='bbox 1513 2030 1641 2072; x_wconf 90' lang='lat' dir='ltr'>meiis</span> <span class='ocrx_word' id='word_1_184' title='bbox 1659 2031 1712 2073; x_wconf 93' lang='lat' dir='ltr'>de</span> <span class='ocrx_word' id='word_1_185' title='bbox 1735 2031 1938 2073; x_wconf 89' lang='lat' dir='ltr'>ordefork</span> <span class='ocrx_word' id='word_1_186' title='bbox 1959 2046 2062 2074; x_wconf 91' lang='lat' dir='ltr'>cum</span> 
     </span>
     <span class='ocr_line' id='line_1_23' title="bbox 252 2100 2062 2157; baseline 0.001 -13"><span class='ocrx_word' id='word_1_187' title='bbox 252 2101 539 2157; x_wconf 86' lang='lat' dir='ltr'>pertinenciis</span> <span class='ocrx_word' id='word_1_188' title='bbox 563 2100 821 2143; x_wconf 90' lang='lat' dir='ltr'>Iacentibus</span> <span class='ocrx_word' id='word_1_189' title='bbox 853 2100 897 2142; x_wconf 89' lang='lat' dir='ltr'>in</span> <span class='ocrx_word' id='word_1_190' title='bbox 930 2100 1127 2143; x_wconf 92' lang='lat' dir='ltr'>dominio</span> <span class='ocrx_word' id='word_1_191' title='bbox 1151 2102 1204 2143; x_wconf 89' lang='lat' dir='ltr'>de</span> <span class='ocrx_word' id='word_1_192' title='bbox 1227 2101 1447 2143; x_wconf 89' lang='lat' dir='ltr'>meldrum</span> <span class='ocrx_word' id='word_1_193' title='bbox 1480 2100 1593 2143; x_wconf 85' lang='lat' dir='ltr'>infra</span> <span class='ocrx_word' id='word_1_194' title='bbox 1615 2101 1979 2145; x_wconf 87' lang='lat' dir='ltr'>vicecomitatum</span> <span class='ocrx_word' id='word_1_195' title='bbox 2009 2104 2062 2145; x_wconf 92' lang='lat' dir='ltr'>de</span> 
     </span>
     <span class='ocr_line' id='line_1_24' title="bbox 250 2170 2061 2228; baseline 0.001 -14"><span class='ocrx_word' id='word_1_196' title='bbox 250 2173 442 2214; x_wconf 89' lang='lat' dir='ltr'>aberden</span> <span class='ocrx_word' id='word_1_197' title='bbox 481 2173 682 2228; x_wconf 85' lang='lat' dir='ltr'>Quarum</span> <span class='ocrx_word' id='word_1_198' title='bbox 723 2171 849 2214; x_wconf 90' lang='lat' dir='ltr'>vobis</span> <span class='ocrx_word' id='word_1_199' title='bbox 886 2170 1080 2226; x_wconf 89' lang='lat' dir='ltr'>precipio</span> <span class='ocrx_word' id='word_1_200' title='bbox 1122 2177 1165 2214; x_wconf 90' lang='lat' dir='ltr'>et</span> <span class='ocrx_word' id='word_1_201' title='bbox 1208 2172 1372 2214; x_wconf 88' lang='lat' dir='ltr'>mando</span> <span class='ocrx_word' id='word_1_202' title='bbox 1410 2178 1595 2226; x_wconf 89' lang='lat' dir='ltr'>quatere</span> <span class='ocrx_word' id='word_1_203' title='bbox 1630 2174 1683 2224; x_wconf 86' lang='lat'>(?)</span> <span class='ocrx_word' id='word_1_204' title='bbox 1724 2173 1842 2216; x_wconf 90' lang='lat' dir='ltr'>dicto</span> <span class='ocrx_word' id='word_1_205' title='bbox 1880 2173 2061 2216; x_wconf 90' lang='lat' dir='ltr'>domino</span> 
     </span>
     <span class='ocr_line' id='line_1_25' title="bbox 251 2242 2062 2298; baseline 0.001 -13"><span class='ocrx_word' id='word_1_206' title='bbox 251 2243 448 2285; x_wconf 89' lang='lat' dir='ltr'>Roberto</span> <span class='ocrx_word' id='word_1_207' title='bbox 479 2242 560 2284; x_wconf 91' lang='lat' dir='ltr'>leis</span> <span class='ocrx_word' id='word_1_208' title='bbox 589 2242 821 2297; x_wconf 89' lang='lat' dir='ltr'>capellano</span> <span class='ocrx_word' id='word_1_209' title='bbox 850 2256 950 2284; x_wconf 92' lang='lat' dir='ltr'>meo</span> <span class='ocrx_word' id='word_1_210' title='bbox 976 2248 1052 2285; x_wconf 88' lang='lat' dir='ltr'>aut</span> <span class='ocrx_word' id='word_1_211' title='bbox 1076 2256 1156 2284; x_wconf 94' lang='lat' dir='ltr'>suo</span> <span class='ocrx_word' id='word_1_212' title='bbox 1179 2248 1300 2285; x_wconf 89' lang='lat' dir='ltr'>certo</span> <span class='ocrx_word' id='word_1_213' title='bbox 1322 2243 1597 2297; x_wconf 87' lang='lat' dir='ltr'>procuratori</span> <span class='ocrx_word' id='word_1_214' title='bbox 1626 2243 1900 2298; x_wconf 89' lang='lat' dir='ltr'>presentium</span> <span class='ocrx_word' id='word_1_215' title='bbox 1933 2244 2062 2287; x_wconf 88' lang='lat' dir='ltr'>latori</span> 
     </span>
     <span class='ocr_line' id='line_1_26' title="bbox 250 2311 2060 2367; baseline 0.002 -14"><span class='ocrx_word' id='word_1_216' title='bbox 250 2311 448 2354; x_wconf 88' lang='lat' dir='ltr'>sasinam</span> <span class='ocrx_word' id='word_1_217' title='bbox 486 2318 529 2354; x_wconf 94' lang='lat' dir='ltr'>et</span> <span class='ocrx_word' id='word_1_218' title='bbox 567 2311 896 2367; x_wconf 90' lang='lat' dir='ltr'>possessionem</span> <span class='ocrx_word' id='word_1_219' title='bbox 935 2312 1235 2355; x_wconf 88' lang='lat' dir='ltr'>suecessorias</span> <span class='ocrx_word' id='word_1_220' title='bbox 1271 2312 1492 2356; x_wconf 90' lang='lat' dir='ltr'>dictorum</span> <span class='ocrx_word' id='word_1_221' title='bbox 1527 2328 1777 2356; x_wconf 87' lang='lat' dir='ltr'>annuorum</span> <span class='ocrx_word' id='word_1_222' title='bbox 1807 2315 2060 2358; x_wconf 86' lang='lat' dir='ltr'>reddituum</span> 
     </span>
     <span class='ocr_line' id='line_1_27' title="bbox 247 2382 2061 2440; baseline 0.002 -15"><span class='ocrx_word' id='word_1_223' title='bbox 247 2382 449 2425; x_wconf 88' lang='lat' dir='ltr'>tradatas</span> <span class='ocrx_word' id='word_1_224' title='bbox 471 2388 514 2424; x_wconf 89' lang='lat' dir='ltr'>et</span> <span class='ocrx_word' id='word_1_225' title='bbox 536 2382 803 2425; x_wconf 87' lang='lat' dir='ltr'>deliberatas</span> <span class='ocrx_word' id='word_1_226' title='bbox 826 2384 1072 2425; x_wconf 91' lang='lat' dir='ltr'>secundum</span> <span class='ocrx_word' id='word_1_227' title='bbox 1094 2389 1295 2425; x_wconf 89' lang='lat' dir='ltr'>tenorem</span> <span class='ocrx_word' id='word_1_228' title='bbox 1319 2390 1439 2426; x_wconf 91' lang='lat' dir='ltr'>carte</span> <span class='ocrx_word' id='word_1_229' title='bbox 1463 2398 1559 2426; x_wconf 92' lang='lat' dir='ltr'>mee</span> <span class='ocrx_word' id='word_1_230' title='bbox 1583 2384 1725 2427; x_wconf 90' lang='lat' dir='ltr'>eidem</span> <span class='ocrx_word' id='word_1_231' title='bbox 1749 2385 1939 2440; x_wconf 90' lang='lat' dir='ltr'>desuper</span> <span class='ocrx_word' id='word_1_232' title='bbox 1959 2400 2061 2428; x_wconf 91' lang='lat' dir='ltr'>con-</span> 
     </span>
     <span class='ocr_line' id='line_1_28' title="bbox 249 2453 2060 2509; baseline 0.002 -15"><span class='ocrx_word' id='word_1_233' title='bbox 249 2453 363 2495; x_wconf 89' lang='lat' dir='ltr'>fecte</span> <span class='ocrx_word' id='word_1_234' title='bbox 386 2453 512 2495; x_wconf 88' lang='lat' dir='ltr'>saluo</span> <span class='ocrx_word' id='word_1_235' title='bbox 537 2454 637 2495; x_wconf 90' lang='lat' dir='ltr'>Iure</span> <span class='ocrx_word' id='word_1_236' title='bbox 660 2453 899 2508; x_wconf 89' lang='lat' dir='ltr'>cujuslibet</span> <span class='ocrx_word' id='word_1_237' title='bbox 923 2454 983 2496; x_wconf 88' lang='lat' dir='ltr'>Et</span> <span class='ocrx_word' id='word_1_238' title='bbox 1006 2453 1050 2495; x_wconf 92' lang='lat' dir='ltr'>in</span> <span class='ocrx_word' id='word_1_239' title='bbox 1074 2453 1252 2508; x_wconf 82' lang='lat' dir='ltr'>signum</span> <span class='ocrx_word' id='word_1_240' title='bbox 1276 2454 1440 2496; x_wconf 89' lang='lat' dir='ltr'>saisine</span> <span class='ocrx_word' id='word_1_241' title='bbox 1458 2461 1501 2496; x_wconf 91' lang='lat' dir='ltr'>et</span> <span class='ocrx_word' id='word_1_242' title='bbox 1523 2454 1819 2509; x_wconf 87' lang='lat' dir='ltr'>possessionis</span> <span class='ocrx_word' id='word_1_243' title='bbox 1841 2454 2060 2497; x_wconf 89' lang='lat' dir='ltr'>dictorum</span> 
     </span>
     <span class='ocr_line' id='line_1_29' title="bbox 249 2523 2061 2580; baseline 0.001 -15"><span class='ocrx_word' id='word_1_244' title='bbox 249 2538 500 2565; x_wconf 89' lang='lat' dir='ltr'>annuorum</span> <span class='ocrx_word' id='word_1_245' title='bbox 533 2523 787 2566; x_wconf 85' lang='lat' dir='ltr'>reddituum</span> <span class='ocrx_word' id='word_1_246' title='bbox 820 2539 898 2579; x_wconf 91' lang='lat' dir='ltr'>per</span> <span class='ocrx_word' id='word_1_247' title='bbox 926 2539 1006 2567; x_wconf 89' lang='lat' dir='ltr'>vos</span> <span class='ocrx_word' id='word_1_248' title='bbox 1038 2524 1305 2567; x_wconf 90' lang='lat' dir='ltr'>traditarum</span> <span class='ocrx_word' id='word_1_249' title='bbox 1333 2525 1528 2580; x_wconf 87' lang='lat' dir='ltr'>sigillum</span> <span class='ocrx_word' id='word_1_250' title='bbox 1560 2531 1758 2567; x_wconf 89' lang='lat' dir='ltr'>vestrum</span> <span class='ocrx_word' id='word_1_251' title='bbox 1791 2524 1835 2566; x_wconf 91' lang='lat' dir='ltr'>in</span> <span class='ocrx_word' id='word_1_252' title='bbox 1865 2526 2061 2568; x_wconf 88' lang='lat' dir='ltr'>secunda</span> 
     </span>
     <span class='ocr_line' id='line_1_30' title="bbox 249 2594 2060 2650; baseline 0.001 -15"><span class='ocrx_word' id='word_1_253' title='bbox 249 2595 392 2636; x_wconf 89' lang='lat' dir='ltr'>cauda</span> <span class='ocrx_word' id='word_1_254' title='bbox 423 2600 523 2649; x_wconf 91' lang='lat' dir='ltr'>post</span> <span class='ocrx_word' id='word_1_255' title='bbox 558 2609 708 2637; x_wconf 89' lang='lat' dir='ltr'>meum</span> <span class='ocrx_word' id='word_1_256' title='bbox 751 2594 947 2650; x_wconf 82' lang='lat' dir='ltr'>sigillum</span> <span class='ocrx_word' id='word_1_257' title='bbox 989 2596 1270 2650; x_wconf 90' lang='lat' dir='ltr'>appendatur</span> <span class='ocrx_word' id='word_1_258' title='bbox 1310 2597 1378 2638; x_wconf 88' lang='lat' dir='ltr'>Ad</span> <span class='ocrx_word' id='word_1_259' title='bbox 1421 2597 1537 2650; x_wconf 91' lang='lat' dir='ltr'>quod</span> <span class='ocrx_word' id='word_1_260' title='bbox 1572 2595 1826 2638; x_wconf 83' lang='lat' dir='ltr'>faciendum</span> <span class='ocrx_word' id='word_1_261' title='bbox 1858 2594 1984 2637; x_wconf 92' lang='lat' dir='ltr'>vobis</span> <span class='ocrx_word' id='word_1_262' title='bbox 2017 2601 2060 2637; x_wconf 91' lang='lat' dir='ltr'>et</span> 
     </span>
     <span class='ocr_line' id='line_1_31' title="bbox 247 2664 2061 2721; baseline 0.001 -16"><span class='ocrx_word' id='word_1_263' title='bbox 247 2669 445 2706; x_wconf 91' lang='lat' dir='ltr'>vestrum</span> <span class='ocrx_word' id='word_1_264' title='bbox 478 2664 658 2707; x_wconf 89' lang='lat' dir='ltr'>cuilibet</span> <span class='ocrx_word' id='word_1_265' title='bbox 691 2679 838 2708; x_wconf 88' lang='lat' dir='ltr'>meam</span> <span class='ocrx_word' id='word_1_266' title='bbox 871 2666 1117 2720; x_wconf 87' lang='lat' dir='ltr'>plenariam</span> <span class='ocrx_word' id='word_1_267' title='bbox 1153 2672 1422 2721; x_wconf 89' lang='lat' dir='ltr'>potestatem</span> <span class='ocrx_word' id='word_1_268' title='bbox 1455 2666 1690 2708; x_wconf 88' lang='lat' dir='ltr'>committo</span> <span class='ocrx_word' id='word_1_269' title='bbox 1725 2680 1801 2720; x_wconf 88' lang='lat' dir='ltr'>per</span> <span class='ocrx_word' id='word_1_270' title='bbox 1832 2672 2061 2720; x_wconf 90' lang='lat' dir='ltr'>presentes</span> 
     </span>
     <span class='ocr_line' id='line_1_32' title="bbox 250 2733 2061 2789; baseline 0.001 -15"><span class='ocrx_word' id='word_1_271' title='bbox 250 2733 420 2775; x_wconf 91' lang='lat' dir='ltr'>Datum</span> <span class='ocrx_word' id='word_1_272' title='bbox 464 2734 546 2776; x_wconf 92' lang='lat' dir='ltr'>sub</span> <span class='ocrx_word' id='word_1_273' title='bbox 583 2733 728 2788; x_wconf 86' lang='lat' dir='ltr'>sigillo</span> <span class='ocrx_word' id='word_1_274' title='bbox 766 2749 865 2776; x_wconf 92' lang='lat' dir='ltr'>meo</span> <span class='ocrx_word' id='word_1_275' title='bbox 907 2736 1025 2789; x_wconf 88' lang='lat' dir='ltr'>apud</span> <span class='ocrx_word' id='word_1_276' title='bbox 1062 2736 1251 2788; x_wconf 83' lang='lat' dir='ltr'>burgum</span> <span class='ocrx_word' id='word_1_277' title='bbox 1289 2736 1342 2777; x_wconf 91' lang='lat' dir='ltr'>de</span> <span class='ocrx_word' id='word_1_278' title='bbox 1384 2736 1602 2777; x_wconf 90' lang='lat' dir='ltr'>aberdene</span> <span class='ocrx_word' id='word_1_279' title='bbox 1643 2734 1750 2777; x_wconf 77' lang='lat' dir='ltr'>xviio</span> <span class='ocrx_word' id='word_1_280' title='bbox 1781 2734 1850 2777; x_wconf 93' lang='lat' dir='ltr'>die</span> <span class='ocrx_word' id='word_1_281' title='bbox 1892 2733 2061 2776; x_wconf 90' lang='lat' dir='ltr'>mensis</span> 
     </span>
     <span class='ocr_line' id='line_1_33' title="bbox 247 2803 1551 2862; baseline 0.003 -18"><span class='ocrx_word' id='word_1_282' title='bbox 247 2803 439 2858; x_wconf 85' lang='lat' dir='ltr'>Augusti</span> <span class='ocrx_word' id='word_1_283' title='bbox 463 2818 580 2846; x_wconf 90' lang='lat' dir='ltr'>anno</span> <span class='ocrx_word' id='word_1_284' title='bbox 603 2804 771 2847; x_wconf 86' lang='lat' dir='ltr'>domini</span> <span class='ocrx_word' id='word_1_285' title='bbox 795 2805 1033 2847; x_wconf 89' lang='lat' dir='ltr'>millesimo</span> <span class='ocrx_word' id='word_1_286' title='bbox 1057 2812 1237 2862; x_wconf 79' lang='lat' dir='ltr'>qcccc¹¹²0</span> <span class='ocrx_word' id='word_1_287' title='bbox 1259 2805 1551 2860; x_wconf 85' lang='lat' dir='ltr'>nonagesimo</span> 
     </span>
    </p>
   </div>
  </div>
 </body>
</html>
