2524 3418
843 339 1056 380 szdatio
1087 339 1271 380 Damfdis
1302 339 1474 380 menzeis
1979 343 2059 397 169

316 457 387 497 Ita
429 462 494 496 est
534 455 759 496 Iohannes
797 455 1018 509 Kennedy
1058 469 1133 496 no-
1254 456 1324 496 Ita
1380 461 1446 495 est
1511 455 1736 497 Iohannes
1796 456 2059 499 nicholsoun

255 525 396 567 tarius
419 525 622 579 publicus
646 539 780 566 manu
804 524 982 579 propria
1195 524 1395 566 notarius
1433 525 1636 578 publicus
1668 540 1719 567 ac
1753 526 1896 568 scriba
1929 528 2060 570 Curie

1192 594 1457 636 balliuorum
1513 595 1821 637 abirdonensis
1872 598 1927 638 ad
1978 597 2060 640 hec

1194 678 1329 706 manu
1352 664 1528 719 propria

1114 838 1209 879 XC.

320 932 357 972 N
413 931 480 972 dei
535 931 727 972 Nomine
784 944 913 971 amen
966 945 1043 984 per
1084 931 1166 972 hoc
1220 945 1402 984 presens
1443 932 1669 985 publicum
1711 933 2058 977 instrumentum

379 999 565 1042 Cunctis
597 1005 749 1053 pateat
788 999 1019 1040 euidenter
1052 1001 1168 1053 quod
1201 1014 1317 1041 anno
1352 1002 1680 1044 Incarnationis
1712 1004 1932 1046 dominice
1965 1005 2061 1046 mil-

247 1069 405 1111 lesimo
440 1068 798 1123 quingentesimo
830 1069 1046 1122 vigesimo
1078 1076 1238 1111 octauo
1271 1070 1439 1111 mensis
1471 1086 1573 1113 vero
1608 1073 1707 1126 Iulij
1744 1073 1813 1115 die
1844 1074 2060 1129 vigesimo

246 1139 390 1194 primo
425 1138 678 1180 Indictione
716 1138 861 1192 prima
898 1139 1187 1193 pontificatus
1221 1140 1505 1185 Sanctissimi
1537 1141 1581 1182 in
1616 1142 1796 1185 Christo
1832 1145 1971 1198 patris
2008 1161 2060 1188 ac

247 1210 414 1253 domini
448 1209 617 1251 domini
650 1209 790 1251 nostri
816 1209 1063 1251 Clementis
1093 1210 1245 1251 diuina
1277 1210 1557 1264 prouidentia
1589 1226 1703 1266 pape
1732 1214 1909 1268 septimi
1941 1230 2059 1258 anno

246 1281 401 1335 quinto
426 1282 478 1322 In
502 1280 586 1334 mej
620 1279 779 1333 notarij
809 1279 971 1334 publicj
1003 1286 1044 1321 et
1072 1280 1255 1321 testium
1286 1281 1669 1335 infrascriptorum
1699 1284 1924 1336 presentia
1958 1286 2058 1327 Per-

246 1351 460 1393 sonaliter
485 1350 759 1392 constitutus
783 1350 1148 1404 Circumspectus
1170 1351 1236 1391 vir
1262 1351 1476 1405 magister
1500 1352 1649 1394 Dauid
1682 1354 1878 1396 menzeis
1902 1356 2054 1397 Solum

246 1420 446 1462 caritatis
474 1420 645 1461 feruore
669 1426 818 1460 motus
847 1421 907 1460 Et
932 1434 1008 1460 sue
1032 1419 1180 1461 anime
1204 1420 1395 1461 salutem
1418 1420 1598 1462 intuens
1623 1422 1757 1464 Dedit
1790 1425 1990 1466 Contulit
2014 1432 2056 1467 et

247 1491 447 1533 Realiter
464 1492 579 1533 Cum
603 1490 762 1531 effectu
788 1489 1063 1531 Deliberauit
1083 1490 1126 1530 in
1151 1505 1307 1544 puram
1326 1497 1369 1532 et
1392 1498 1653 1545 perpetuam
1676 1493 1974 1536 Elimosinam
1995 1496 2055 1537 Et

244 1561 288 1602 in
319 1575 480 1602 manus
502 1560 650 1614 posuit
685 1559 881 1601 Discreti
903 1560 984 1601 Viri
1009 1560 1193 1601 Domini
1225 1561 1374 1602 Dauid
1398 1563 1543 1604 Waus
1565 1568 1672 1604 tunc
1696 1563 1946 1606 collectoris
1978 1580 2056 1620 pro

245 1645 291 1672 se
334 1631 426 1672 suis
466 1631 676 1672 fratribus
718 1636 760 1671 et
804 1631 1138 1672 successoribus
1180 1631 1424 1685 capellanis
1466 1632 1588 1674 chori
1631 1633 1721 1675 diui
1763 1634 1956 1689 nicholaj
2002 1637 2054 1678 de

243 1701 461 1743 abirdene
502 1702 736 1743 Summam
778 1700 935 1755 viginti
979 1701 1188 1743 librarum
1233 1702 1277 1742 in
1321 1717 1427 1744 auro
1470 1703 1678 1757 ponderis
1720 1705 1833 1746 bone
1876 1711 2054 1747 monete

243 1772 387 1813 scocie
410 1772 465 1813 ad
488 1771 814 1825 disponendum
845 1771 889 1811 in
911 1771 1053 1812 forma
1083 1777 1130 1812 ut
1164 1771 1365 1825 sequitur
1387 1772 1471 1813 hoc
1495 1778 1561 1814 est
1585 1774 1700 1826 quod
1728 1774 2053 1828 oblegabuntur

243 1849 425 1885 curatus
466 1848 508 1883 et
552 1841 686 1882 ceteri
726 1841 886 1882 fratres
928 1841 1050 1883 chori
1094 1841 1292 1896 Singulis
1334 1842 1464 1884 annis
1506 1843 1550 1884 in
1593 1843 1662 1885 die
1704 1844 1852 1886 obitus
1893 1846 2051 1899 prefati

242 1911 444 1966 magistri
479 1911 628 1953 Dauid
649 1925 784 1952 vnam
816 1910 1000 1952 missam
1025 1912 1077 1952 de
1100 1918 1207 1952 nota
1233 1912 1288 1953 ad
1319 1912 1458 1953 altare
1481 1913 1610 1954 beate
1631 1912 1815 1967 virginis
1838 1914 1975 1956 marie
1999 1917 2052 1957 de

240 1983 406 2038 pietate
441 1981 730 2035 solempniter
767 1980 988 2022 celebrare
1023 1982 1136 2024 Cum
1171 1981 1427 2024 Cituatione
1461 1997 1613 2024 mense
1652 1984 1951 2027 Candelarum
1990 1987 2050 2028 Et

239 2053 427 2095 aliorum
451 2058 766 2093 consuetorum
799 2053 961 2105 apponj
997 2051 1184 2093 honeste
1214 2051 1457 2107 ministrarj
1489 2054 1548 2094 Et
1572 2053 1735 2096 missas
1757 2054 1801 2095 in
1825 2055 2050 2098 ebdomita

238 2122 490 2177 trigentalis
513 2136 590 2176 per
613 2121 885 2163 ebdomitam
909 2121 1167 2164 immediate
1187 2123 1457 2176 Sequentem
1476 2129 1524 2165 ut
1548 2123 1683 2165 moris
1701 2130 1768 2166 est
1786 2125 2049 2180 perimplere

240 2194 324 2235 Pro
348 2207 433 2247 quo
456 2193 680 2235 Collector
703 2191 802 2246 Eijs
831 2192 1064 2234 annuatim
1088 2192 1322 2234 distribuet
1344 2193 1582 2236 tresdecim
1606 2195 1771 2236 solidos
1793 2201 1835 2237 et
1859 2202 2050 2250 quatuor

237 2263 442 2305 denarios
466 2264 525 2304 Et
548 2269 648 2317 post
671 2262 804 2303 finem
835 2263 1003 2316 prefate
1026 2263 1162 2304 misse
1185 2263 1301 2305 idern
1327 2264 1550 2306 Collector
1573 2265 1819 2307 Caritatiue
1842 2266 2046 2320 disponet

237 2333 505 2387 pauperibus
528 2347 604 2374 sex
627 2332 792 2374 solidos
825 2334 885 2374 Et
920 2333 1002 2374 sibi
1035 2348 1112 2387 pro
1145 2333 1456 2376 distributione
1483 2342 1583 2377 octo
1614 2336 1819 2378 denarios
1848 2337 2045 2391 captabit

238 2404 332 2444 Nec
384 2403 557 2445 licitum
606 2403 704 2444 Erit
753 2404 948 2457 prefatos
990 2405 1273 2446 collectorem
1317 2412 1520 2447 curatum
1573 2412 1615 2448 et
1661 2406 1820 2448 fratres
1866 2409 2044 2449 easdem

235 2473 449 2527 pecunias
471 2473 690 2527 attingere
713 2480 789 2515 aut
813 2474 1046 2528 disponere
1069 2475 1227 2528 quouis
1250 2482 1381 2529 pacto
1411 2476 1496 2517 nisi
1530 2478 1584 2518 ad
1619 2477 1891 2531 emptionem
1913 2478 2044 2520 vnius

236 2543 372 2585 annui
417 2543 636 2585 Redditus
672 2544 829 2598 viginti
874 2545 1115 2586 solidorum
1159 2552 1234 2587 aut
1278 2546 1658 2589 constructionem
1697 2548 1827 2589 vnius
1869 2546 2060 2602 publice⁴

235 2614 394 2655 domus
417 2615 471 2655 ad
495 2615 753 2656 Eorundem
776 2614 1016 2657 vtilitatem
1040 2622 1253 2670 perpetuo
1277 2631 1453 2658 cessure
1478 2618 1537 2659 Et
1561 2632 1639 2672 pro
1662 2618 1819 2660 maiori
1841 2618 2043 2660 veritatis

235 2682 481 2725 assertione
524 2690 566 2725 et
610 2684 885 2726 condicionis
936 2685 1151 2739 premisse
1198 2686 1510 2728 obseruatione
1561 2687 1672 2741 petit
1718 2688 1911 2730 fundans
1957 2688 2040 2730 hoc

233 2766 416 2807 presens
466 2752 693 2806 publicum
735 2753 1084 2796 instrumentum
1129 2755 1284 2810 Sigillo
1332 2757 1558 2798 communi
1595 2757 1701 2799 dicti
1748 2757 1930 2812 capitulj
1976 2753 2040 2800 'Et

231 2823 418 2864 fratrum
452 2822 853 2877 subscriptionibus
885 2825 1150 2866 communiri
1173 2826 1287 2868 Acta
1321 2827 1463 2868 Erant
1496 2826 1577 2868 hec
1600 2827 1645 2868 in
1669 2826 1872 2869 cubiculo
1900 2826 2041 2881 ipsius

231 2890 480 2934 fundatoris
512 2892 667 2934 horam
692 2893 868 2935 circiter
891 2901 1096 2948 quartam
1130 2901 1230 2949 post
1264 2895 1504 2937 merediem
1529 2897 1620 2938 Sub
1643 2911 1761 2938 anno
1784 2896 1853 2938 die
1886 2911 2040 2938 mense

231 2962 473 3006 indictione
496 2969 538 3005 et
562 2963 825 3019 pontificatu
849 2965 1008 3020 quibus
1030 2980 1164 3020 supra
1195 2966 1476 3020 presentibus
1506 2966 1669 3010 ibidem
1695 2966 1914 3011 Discretis
1935 2966 2041 3011 viris

1121 3036 1149 3066 Y

2092 940 2148 972 fol.
2168 942 2206 975 67
2227 940 2237 961 ¹
