2524 3418
808 334 940 377 Carta
970 333 1130 375 domini
1160 333 1290 375 dauid
1325 334 1471 376 Wauss
1967 334 2045 376 181

241 449 463 505 expressis
499 463 721 491 consensu
755 455 797 490 et
835 463 1022 491 assensu
1059 449 1287 503 reuerendj
1327 448 1372 489 in
1410 447 1576 489 christo
1613 446 1753 502 patris
1789 462 1841 489 ac
1878 447 2044 503 dominj

238 520 423 562 villelmi
461 519 746 561 miseratione
789 519 940 561 diuina
980 519 1309 561 Aberdonensis
1347 518 1542 574 episcopj
1582 517 1737 572 decanj
1777 525 1820 560 et
1863 518 2043 572 capitulj

239 589 438 631 eiusdem
462 591 517 631 ad
539 589 623 631 hoc
645 596 906 631 vocatorum
929 590 993 631 Ac
1021 589 1325 644 capitulariter
1356 595 1729 643 congregatorum
1752 588 1902 629 citatis
1924 588 2047 642 prius

239 659 446 701 omnibus
478 659 693 700 interesse
726 659 994 701 habentibus
1031 661 1086 701 ad
1124 660 1330 701 effectum
1368 658 1699 712 infrascriptum
1737 672 1814 711 per
1849 657 2045 699 edictum

237 729 463 783 publicum
494 729 538 770 in
564 728 708 770 valuis
740 730 899 771 domus
928 729 1187 783 capitularis
1220 729 1417 770 eiusdem
1450 743 1528 782 per
1558 727 1795 769 interualla
1827 726 1976 768 debita
1997 733 2044 767 vt

237 798 375 840 moris
397 805 464 840 est
488 799 667 840 affixum
692 800 1014 853 commodoque
1047 807 1090 841 et
1121 799 1314 841 Vtilitate
1346 799 1462 841 dicte
1496 813 1593 840 mee
1625 797 1871 852 capellanie
1893 797 1938 838 in
1962 797 2046 838 hac

237 874 362 922 parte
393 869 596 921 vndeque
633 868 823 922 preuisis
855 876 898 910 et
932 869 1225 911 consideratis
1258 884 1309 911 ac
1342 883 1421 923 pro
1458 867 1824 923 augmentatione
1861 866 2046 908 rentalis

236 937 435 979 eiusdem
468 938 642 979 dedisse
675 939 950 980 concessisse
973 946 1015 981 et
1039 941 1094 981 ad
1116 939 1411 981 feodifirmam
1444 953 1641 980 annuam
1675 937 1938 979 Pentionem
1967 950 2044 978 seu

236 1006 551 1061 emphiteosim
567 1007 790 1049 dimisisse
808 1015 850 1050 et
866 1009 950 1051 hac
965 1016 1170 1064 presente
1189 1016 1311 1051 carte
1328 1008 1418 1063 [sic]
1436 1023 1536 1050 mea
1553 1008 1842 1050 confirmasse
1858 1007 2045 1048 Necnon

235 1091 313 1131 per
334 1084 565 1131 presentes
587 1079 692 1120 dare
721 1080 963 1121 concedere
986 1086 1028 1121 et
1051 1081 1107 1122 ad
1129 1080 1422 1121 feodifirmam
1451 1092 1647 1120 annuam
1676 1077 1938 1119 Pentionem
1967 1090 2044 1117 seu

234 1146 547 1201 emphiteosim
566 1147 789 1190 dimittere
807 1156 850 1191 et
873 1149 957 1191 hac
975 1156 1179 1204 presente
1202 1156 1322 1191 carte
1342 1163 1440 1191 mea
1464 1149 1727 1190 confirmare
1750 1146 1934 1201 prouido
1951 1145 2045 1187 viro

235 1214 426 1269 Iohannj
460 1216 606 1258 Waus
638 1216 729 1258 filio
761 1223 804 1258 et
837 1217 986 1272 heredj
1022 1219 1247 1272 quondam
1280 1217 1472 1271 richardj
1498 1217 1644 1259 Waus
1671 1215 1776 1257 olim
1810 1213 2044 1269 burgensis

232 1284 286 1325 de
309 1284 526 1325 aberdene
550 1283 642 1325 suis
664 1284 902 1327 heredibus
924 1291 967 1327 et
990 1285 1232 1340 assignatis
1254 1292 1398 1327 totam
1421 1291 1464 1326 et
1487 1284 1708 1338 integram
1731 1282 1854 1324 illam
1877 1288 2042 1323 terram

232 1351 350 1393 dicte
391 1352 639 1406 capellanie
681 1367 778 1395 mee
819 1353 1156 1396 incumbentem
1203 1360 1246 1396 et
1295 1352 1601 1395 Pertinentem
1650 1353 1879 1393 Iacentem
1931 1350 2044 1392 infra

231 1419 401 1462 dictum
433 1421 624 1475 burgum
656 1422 710 1463 de
742 1423 960 1464 aberdene
992 1422 1037 1464 in
1059 1422 1158 1464 vico
1191 1422 1356 1476 caustrj
1387 1436 1439 1463 ex
1471 1427 1597 1475 parte
1629 1419 1814 1473 australj
1844 1418 2042 1460 eiusdem

229 1489 315 1544 vicj
359 1489 475 1532 inter
525 1497 691 1532 terram
740 1492 904 1533 andree
947 1491 1123 1534 cullane
1169 1506 1222 1533 ex
1262 1489 1528 1544 occidentalj
1573 1503 1626 1531 ex
1665 1502 1753 1530 vna
1795 1494 1837 1529 et
1878 1493 2043 1529 terram

229 1559 448 1615 Willelmj
503 1561 676 1603 rolland
732 1561 919 1603 senioris
975 1576 1028 1604 ex
1080 1561 1284 1616 orientalj
1353 1560 1556 1615 partibus
1614 1559 1668 1601 ab
1720 1558 1861 1600 altera
1926 1571 2044 1598 com-

231 1643 413 1671 munem
435 1629 554 1671 viam
576 1630 745 1685 regiam
767 1646 922 1673 versus
954 1633 1134 1674 boream
1157 1638 1200 1674 et
1223 1638 1388 1673 terram
1412 1629 1630 1683 Willelmj
1659 1628 1832 1670 rolland
1856 1626 2044 1669 senioris

231 1699 444 1754 antedictj
483 1715 638 1743 versus
675 1708 878 1744 austrum
916 1701 1178 1744 Tenendam
1211 1708 1254 1744 et
1287 1702 1540 1744 habendam
1573 1705 1716 1741 totam
1749 1704 1792 1740 et
1822 1697 2042 1751 integram

231 1767 397 1810 dictam
439 1774 605 1811 terram
643 1783 745 1811 curn
782 1769 1070 1825 pertinenciis
1107 1771 1226 1813 dicto
1265 1769 1454 1823 Iohannj
1495 1769 1641 1812 Waus
1679 1766 1770 1809 suis
1806 1765 2044 1808 heredibus

230 1842 273 1877 et
310 1835 552 1892 assignatis
585 1838 752 1892 absque
788 1845 941 1881 tamen
979 1838 1214 1881 dimisione
1251 1838 1450 1881 eiusdem
1489 1838 1566 1880 sed
1602 1836 1647 1878 in
1683 1836 1906 1891 integrum
1945 1849 2042 1877 suc-

229 1904 402 1959 cedentj
447 1906 503 1947 ad
554 1907 742 1948 eandem
784 1908 838 1949 de
880 1922 951 1949 me
992 1914 1034 1949 et
1084 1907 1417 1950 successoribus
1469 1905 1580 1948 meis
1632 1904 1877 1959 capellanis
1923 1903 2040 1946 dicte

229 1973 477 2027 capellanie
503 1973 548 2015 in
574 1974 824 2018 feudifirma
856 1975 1184 2031 imperpetuum
1219 1977 1334 2019 Cum
1368 1974 1489 2018 omni
1524 1976 1626 2016 Iure
1656 1980 1699 2016 et
1728 1973 1844 2015 Iuris
1870 1972 2042 2015 clameo

226 2041 359 2084 titulo
390 2042 661 2097 proprietate
693 2050 736 2085 et
770 2044 1053 2098 possessione
1086 2059 1188 2087 cum
1227 2043 1388 2086 debitis
1418 2042 1696 2098 longitudine
1728 2048 1771 2083 et
1804 2040 2041 2083 latitudine

228 2124 330 2152 cum
354 2110 540 2153 edificiis
563 2112 753 2166 desuper
781 2113 1051 2155 constructis
1081 2119 1123 2154 et
1156 2112 1468 2155 construendis
1500 2126 1551 2153 ac
1582 2124 1683 2153 eum
1713 2109 1921 2152 omnibus
1944 2108 2043 2150 aliis

227 2184 271 2220 et
308 2178 497 2234 singulis
533 2179 813 2222 libertatibus
845 2181 1241 2224 commoditatibus
1270 2179 1533 2223 asiamentis
1564 2194 1616 2221 ac
1650 2178 1789 2221 Iustis
1823 2177 1916 2220 suis
1947 2192 2042 2232 per-

225 2247 434 2290 tinenciis
463 2248 802 2304 quibuscunque
833 2256 927 2292 tam
960 2264 1048 2292 non
1075 2249 1319 2291 nominatis
1342 2263 1476 2303 quam
1499 2246 1744 2290 nominatis
1765 2252 1859 2288 tam
1883 2246 2041 2287 subtus

226 2322 346 2359 terra
379 2332 514 2372 quarn
547 2332 682 2372 supra
714 2324 881 2360 terram
914 2319 970 2360 ad
1003 2319 1190 2360 eandem
1225 2316 1533 2372 spectantibus
1570 2330 1648 2358 seu
1685 2315 1801 2357 iuste
1839 2320 2042 2368 spectare

225 2386 481 2428 valentibus
523 2387 856 2441 quomodolibet
908 2387 953 2428 in
1003 2387 1202 2429 futurum
1253 2386 1389 2428 libere
1441 2385 1588 2439 quiete
1630 2382 1828 2439 plenarie
1869 2382 2041 2436 integre

227 2454 469 2497 honorifice
496 2456 606 2498 bene
638 2462 681 2497 et
714 2455 759 2497 in
791 2470 900 2510 pace
934 2455 1028 2498 sine
1058 2455 1379 2510 impedimento
1401 2453 1633 2496 obstaculo
1656 2460 1733 2495 aut
1756 2450 2040 2494 reuocatione

228 2523 408 2578 aliqualj
448 2524 533 2579 mej
569 2530 645 2566 aut
678 2538 988 2567 successorum
1026 2539 1227 2566 meorum
1265 2523 1599 2578 capellanorum
1638 2521 1755 2563 dicte
1793 2518 2040 2574 capellanie

226 2606 306 2634 seu
328 2591 516 2634 aliorum
540 2606 905 2648 quorumcunque
935 2593 980 2635 in
1011 2593 1211 2635 futurum
1244 2593 1488 2634 Reddendo
1511 2591 1612 2632 inde
1636 2588 1869 2632 annuatim
1893 2587 2039 2630 dictus

228 2661 456 2703 Iohannes
477 2661 663 2703 heredes
686 2662 751 2716 suj
777 2668 819 2704 et
843 2661 1059 2716 assignatj
1086 2660 1328 2715 supradictj
1349 2659 1483 2713 michj
1509 2665 1552 2701 et
1576 2656 1908 2700 successoribus
1926 2654 2038 2696 meis

228 2731 474 2786 capellanis
496 2731 613 2773 dicte
645 2732 892 2786 capellanie
913 2747 1051 2775 vnum
1084 2746 1284 2774 annuum
1314 2731 1535 2772 redditum
1560 2727 1855 2784 quadraginta
1879 2725 2038 2767 solido-

227 2814 326 2841 rum
350 2806 529 2841 monete
562 2800 706 2842 scocie
730 2808 772 2842 et
795 2801 840 2842 in
873 2801 1287 2855 augmentationem
1315 2799 1500 2841 rentalis
1522 2798 1639 2840 dicte
1673 2811 1768 2838 mee
1792 2794 2039 2850 capellanie

226 2882 451 2910 summam
473 2867 629 2922 vigintj
655 2868 897 2911 solidorum
921 2870 1120 2911 eiusdem
1144 2875 1322 2910 monete
1345 2868 1659 2909 extendentem
1683 2866 1727 2907 in
1750 2871 1845 2906 toto
1868 2865 1924 2906 ad
1946 2870 2038 2905 tres

225 2934 361 2978 libras
383 2935 637 2990 supradicte
666 2943 844 2978 monete
867 2938 922 2979 ad
945 2939 1057 2979 duos
1073 2935 1186 2991 'annj
1214 2935 1431 2978 terminos
1460 2941 1743 2990 pentecostes
1764 2933 1970 2976 videlicet
1993 2939 2037 2974 et
