2524 3418
206 1178 259 1209 fol.
283 1176 365 1210 100ยน

502 310 582 351 250
863 299 1048 339 l'cmiitio
1080 303 1179 338 terre
1210 312 1233 338 a
1260 297 1459 352 preposito
1490 300 1629 337 curato
1660 301 1695 337 ct
1725 296 1943 351 capellanis

1018 414 1086 454 Ita
1109 418 1175 454 est
1198 412 1418 454 eduardus
1441 410 1635 452 menzeis
1659 425 1793 453 manu
1816 412 1992 466 propria

1015 480 1222 523 dominus
1246 480 1469 521 Iohannes
1491 479 1707 521 collisoun
1735 494 1869 522 manu
1893 482 2067 536 propria

1015 550 1222 592 dominus
1243 550 1445 591 robertus
1468 549 1600 603 spark
1623 563 1758 591 manu
1782 550 1957 604 propria

1019 620 1234 674 Magister
1255 621 1444 661 andreas
1471 619 1632 662 Cullan
1655 620 1710 661 ad
1733 619 1814 661 hec
1837 634 1972 663 manu
1995 624 2171 678 propria

1017 689 1223 732 dominus
1246 690 1484 731 alexander
1507 690 1757 731 Robertson
1781 703 1915 732 manu
1938 693 2114 747 propria

1016 759 1223 802 dominus
1245 759 1503 801 VVillelmus
1525 759 1717 802 Wallias
1739 773 1874 802 manu
1897 762 2074 816 propria

1016 829 1223 872 dominus
1245 829 1482 871 alexander
1503 830 1721 872 anderson
1745 844 1880 872 manu
1903 832 2079 886 propria

1018 899 1231 954 magister
1255 900 1480 942 Iohannes
1502 900 1672 954 kenedy
1695 914 1830 943 manu
1853 902 2028 956 propria

1317 1084 1483 1126 CXXI.

627 1179 875 1223 MNIBUS
907 1179 1022 1221 hanc
1055 1185 1225 1220 cartam
1247 1177 1408 1220 visuris
1428 1177 1496 1219 vel
1523 1176 1741 1219 audituris
1772 1178 2022 1232 prepositus
2054 1186 2235 1223 curatus
2257 1188 2300 1224 et

683 1248 899 1304 capellanj
940 1247 1059 1302 chorj
1102 1247 1287 1290 ecclesie
1326 1246 1617 1301 parrochialis
1655 1247 1772 1289 beati
1810 1247 1970 1303 nicolaj
2005 1250 2058 1291 de
2091 1250 2299 1294 abirdene

502 1322 716 1362 Eternam
741 1320 785 1360 in
808 1318 987 1360 domino
1021 1318 1211 1360 salutem
1246 1317 1474 1359 Noueritis
1502 1330 1583 1358 nos
1604 1316 1796 1358 vtilitate
1818 1324 1970 1360 nostra
1993 1318 2036 1360 in
2060 1320 2144 1362 hac
2173 1326 2298 1375 parte

500 1406 551 1433 ac
574 1404 880 1433 successorum
905 1396 1158 1430 nostrorum
1181 1388 1373 1442 vndique
1400 1387 1575 1441 preuisa
1598 1394 1640 1428 et
1666 1387 1925 1440 Deligenter
1946 1389 2226 1433 considerata
2248 1405 2299 1433 ac

499 1461 631 1504 certis
654 1460 801 1503 causis
833 1458 1171 1516 rationabilibus
1194 1458 1368 1500 animos
1391 1464 1567 1499 nostros
1589 1458 1644 1499 ad
1667 1457 1750 1499 hoc
1773 1458 2057 1500 mouentibus
2079 1465 2121 1501 et
2144 1466 2300 1503 notan-

498 1539 565 1574 ter
605 1546 682 1586 pro
724 1529 1088 1584 augmentatione
1130 1528 1313 1570 rentalis
1355 1527 1492 1581 nostrj
1527 1527 1760 1569 annuatim
1805 1534 1848 1569 et
1885 1527 2055 1582 policea
2095 1529 2217 1583 regnj
2255 1529 2300 1571 in

500 1601 778 1644 edificatione
815 1607 857 1642 et
894 1599 1173 1654 reparatione
1205 1606 1422 1640 terrarum
1455 1604 1684 1639 vastarum
1721 1597 1834 1639 infra
1871 1598 2069 1640 Domum
2100 1605 2300 1641 nostram

501 1672 791 1726 capitularem
835 1669 1138 1724 capitulariter
1189 1675 1482 1722 congregatos
1523 1667 1720 1721 vnanimj
1769 1682 1989 1710 consensu
2031 1675 2074 1710 et
2116 1683 2302 1712 assensu

501 1742 674 1783 dedisse
726 1740 1000 1783 concessisse
1050 1746 1092 1781 et
1141 1740 1196 1781 ad
1243 1739 1537 1780 feodifirmam
1590 1744 1631 1779 et
1683 1737 1996 1792 emphiteosim
2038 1739 2302 1782 hereditarie

501 1811 746 1854 dimississe
778 1811 1038 1864 Tenoreque
1071 1809 1343 1864 presentium
1371 1810 1474 1851 dare
1506 1809 1747 1850 concedere
1779 1814 1820 1850 et
1855 1809 1910 1850 ad
1941 1808 2234 1851 feodifirmam
2258 1815 2300 1852 et

501 1881 812 1936 emphiteosim
845 1880 1110 1922 hereditarie
1142 1879 1366 1922 dimittere
1399 1880 1615 1933 Ipsasque
1651 1878 1938 1921 donationem
1968 1879 2300 1922 concessionem

502 1960 544 1994 et
587 1951 893 1994 dimissionem
935 1951 1019 1992 hac
1061 1955 1265 2004 presente
1307 1955 1430 1991 carta
1471 1955 1623 1990 nostra
1668 1948 1930 1990 confirmare
1967 1948 2155 1990 honesto
2194 1948 2301 1991 wiro

503 2022 694 2065 donaldo
736 2022 921 2076 lyndsey
957 2019 1143 2062 calcifici
1180 2019 1323 2061 incole
1359 2018 1485 2073 burgj
1525 2019 1578 2060 de
1615 2017 1823 2060 abirdene
1859 2018 1951 2060 suis
1987 2018 2223 2061 heredibus
2259 2025 2302 2061 et

504 2090 744 2146 assignatis
776 2097 917 2132 totam
952 2090 1012 2131 Et
1045 2089 1265 2143 integram
1300 2088 1430 2130 Illam
1464 2094 1628 2129 terram
1663 2094 1863 2129 nostram
1897 2102 1998 2130 cum
2024 2087 2303 2141 pertinentiis

506 2163 733 2204 Iacentem
766 2161 877 2202 infra
910 2160 1078 2202 dictum
1112 2160 1300 2213 burgum
1333 2157 1377 2199 in
1410 2157 1507 2199 vico
1539 2157 1733 2199 inferiori
1766 2157 1951 2199 ecclesie
1991 2157 2106 2199 inter
2137 2164 2301 2200 terram

503 2231 666 2274 roberti
708 2230 919 2273 Wschert
961 2244 1013 2271 ex
1054 2228 1316 2283 occidentalj
1356 2242 1408 2270 ex
1448 2242 1534 2270 vna
1575 2234 1739 2269 terram
1791 2227 1965 2269 Thome
2013 2227 2211 2269 chalmer
2251 2242 2304 2269 ex

504 2300 707 2354 orientalj
733 2299 933 2354 partibus
954 2299 1009 2341 ab
1031 2298 1171 2341 altera
1197 2305 1360 2339 terram
1383 2297 1535 2339 thome
1557 2297 1850 2351 lamynntoun
1872 2310 2027 2339 versus
2058 2297 2237 2339 boream
2260 2302 2303 2339 et

505 2384 789 2413 communem
812 2369 930 2411 viam
963 2368 1131 2423 regiam
1163 2382 1318 2410 versus
1349 2374 1550 2410 austrum
1583 2366 1943 2408 TENENDAM
1977 2372 2020 2407 et
2052 2365 2303 2408 habendam

504 2447 646 2482 totam
690 2440 749 2481 Et
792 2439 1011 2493 integram
1063 2438 1229 2480 dictam
1273 2444 1438 2479 terram
1481 2451 1582 2479 cum
1623 2435 1904 2490 pertinentiis
1945 2435 2064 2478 dicto
2113 2435 2305 2478 donaldo

505 2508 680 2563 lindsay
702 2507 794 2550 suis
825 2507 1061 2549 heredibus
1082 2513 1125 2548 et
1148 2505 1389 2561 assignatis
1411 2521 1436 2548 a
1458 2505 1585 2548 nobis
1617 2511 1659 2547 et
1693 2503 2022 2546 successoribus
2057 2503 2222 2546 nostris
2250 2505 2303 2547 de

507 2593 715 2633 suprema
746 2577 927 2620 domina
959 2583 1112 2619 nostra
1143 2576 1296 2631 regina
1328 2575 1469 2618 maria
1500 2575 1698 2630 principe
1730 2581 1955 2617 scotorum
1994 2574 2304 2618 Illustrissima

506 2655 548 2690 et
579 2648 670 2690 suis
693 2647 1023 2689 successoribus
1054 2646 1232 2701 regibus
1264 2660 1353 2688 sew
1383 2645 1547 2700 reginis
1580 2644 1718 2687 scotie
1749 2644 1793 2686 in
1825 2645 1952 2687 feodo
1983 2650 2026 2686 et
2059 2643 2305 2687 hereditate

507 2732 558 2760 ac
594 2717 639 2759 in
676 2717 811 2760 libero
848 2716 1060 2772 burgagio
1096 2717 1424 2771 imperpetuum
1463 2716 1597 2759 CUM
1637 2714 1770 2769 Omnj
1809 2715 1910 2756 Iure
1941 2720 1984 2756 et
2018 2713 2307 2756 Iurisclameo

507 2787 639 2829 titulo
672 2786 942 2842 proprietate
974 2794 1017 2829 et
1049 2786 1331 2841 possessione
1363 2800 1465 2829 cum
1497 2784 1657 2828 debitis
1689 2783 1966 2839 longitudine
1997 2789 2040 2826 et
2072 2783 2307 2826 latitudine

509 2871 610 2898 cum
634 2856 820 2911 edificijs
842 2857 1030 2911 desuper
1052 2862 1336 2898 constructus
1363 2855 1452 2908 [sic]
1483 2869 1561 2897 seu
1579 2853 1889 2897 construendis
1906 2867 1957 2896 ac
1975 2867 2077 2896 cum
2099 2852 2305 2896 omnibus

511 2924 609 2967 aliis
631 2931 673 2966 et
697 2924 884 2980 singulis
915 2924 1194 2967 libertatibus
1216 2924 1608 2967 commoditatibus
1631 2929 1673 2964 et
1697 2921 1958 2965 asiamentis
1979 2936 2030 2964 ac
2055 2921 2192 2964 Iustis
2214 2921 2306 2963 suis
