2524 3418
196 1775 251 1808 sol.
275 1777 335 1808 105
346 1773 359 1794 ²

486 278 565 319 262
989 277 1154 319 statuta
1184 277 1230 318 dc
1261 277 1562 332 capellanormn
1593 276 1772 318 moribus

602 393 715 433 Item
738 393 853 446 quod
877 392 1025 433 nullus
1047 391 1304 445 capellanus
1327 391 1369 432 in
1393 391 1561 444 prefata
1596 390 1783 432 ecclesia
1805 390 1956 432 diuina
1979 389 2281 431 celebraturus

486 461 667 502 missam
702 468 899 514 tempore
937 473 1095 513 magne
1134 459 1267 500 misse
1300 473 1376 500 seu
1416 458 1729 513 predicationis
1762 459 1842 500 sub
1874 458 1999 512 penis
2030 456 2205 512 periurij
2237 462 2280 498 et

485 529 803 572 satisfactionis
826 528 1057 570 duodecim
1081 527 1358 569 denariorum
1379 528 1432 568 de
1449 527 1717 581 communijs
1735 533 1777 568 et
1795 525 2054 568 accidentiis
2072 525 2164 567 suis
2186 524 2281 566 sine

484 598 742 640 remissione
773 598 1060 639 leuandorum
1093 597 1151 638 Et
1182 598 1297 651 quod
1330 597 1478 638 nullus
1504 611 1529 638 a
1556 596 1705 638 missis
1727 597 1779 637 de
1802 595 1951 650 requie
1975 594 2172 637 fundatis
2204 608 2281 635 seu

484 667 722 709 fundandis
750 666 792 707 in
820 666 989 720 prefata
1012 665 1200 707 ecclesia
1234 680 1279 707 se
1312 672 1539 707 remoueat
1571 680 1708 719 vsque
1740 665 1874 706 finem
1908 664 2042 706 misse
2075 664 2134 705 Et
2166 663 2282 717 quod

486 735 616 776 simul
650 742 831 776 cantent
864 733 1012 776 debita
1045 733 1231 775 seruicia
1264 741 1306 775 et
1339 733 1635 776 ebdomiderie
1667 734 1931 788 respondeat
1962 731 2048 774 nisi
2079 731 2219 787 petita
2240 737 2283 773 et

486 805 667 845 obtenta
691 802 876 844 licencia
899 803 980 844 sub
1003 802 1257 844 amissionis
1279 802 1532 844 communie
1555 802 1674 844 illius
1703 802 1837 844 misse
1859 801 2019 844 ceteris
2041 800 2284 856 capellanis

488 872 632 914 debite
656 870 950 912 seruientibus
973 870 1250 924 applicandis

603 941 716 981 Item
748 939 849 993 quia
879 953 979 993 egre
1002 939 1229 980 ferendum
1253 945 1319 980 est
1344 939 1459 993 quod
1492 938 1671 992 quidam
1701 938 1817 980 dicte
1845 937 2031 980 ecclesie
2063 936 2280 992 capellanj

487 1016 657 1050 secreta
679 1015 721 1049 et
745 1022 796 1049 ea
819 1022 902 1061 que
926 1014 1081 1048 sancta
1105 1014 1207 1049 sunt
1230 1007 1274 1048 in
1298 1007 1492 1062 capitulo
1515 1007 1629 1048 inter
1651 1007 1793 1049 dictos
1810 1007 2065 1061 capellanos
2087 1006 2186 1048 aliis
2208 1006 2285 1048 ibi·

486 1079 585 1118 dem
609 1090 696 1118 non
719 1075 1010 1117 existentibus
1033 1077 1232 1130 pandunt
1256 1082 1298 1117 et
1321 1075 1520 1117 reuelant
1543 1075 1683 1118 eciam
1707 1075 1808 1130 alijs
1830 1075 2072 1130 capellanis
2094 1082 2137 1117 et
2160 1075 2287 1118 laicis

487 1160 539 1187 ex
561 1145 720 1199 quibus
741 1143 1032 1186 ecclesiastici
1056 1143 1341 1198 multipharie
1459 1151 1614 1186 rantur
1635 1150 1677 1186 et
1700 1159 1753 1186 ea
1775 1159 1858 1199 que
1885 1145 1940 1187 ad
1966 1144 2286 1199 rempublicam

487 1222 529 1256 et
552 1214 791 1256 vtilitatem
814 1212 999 1254 ecclesie
1022 1212 1204 1254 minime
1226 1213 1436 1267 proficere
1459 1219 1622 1267 queant
1646 1213 1783 1255 immo
1807 1219 2026 1255 statutum
2050 1220 2092 1255 et
2115 1213 2287 1256 ordina-

488 1291 582 1325 tum
620 1290 686 1324 est
725 1283 840 1335 quod
879 1281 914 1322 si
953 1280 1027 1335 qui
1064 1281 1172 1323 talia
1205 1288 1456 1335 perpetrare
1490 1288 1669 1323 notetur
1701 1283 1756 1324 ab
1788 1282 1994 1324 omnibus
2026 1288 2068 1324 et
2101 1281 2288 1337 singulis

487 1350 754 1393 communiis
786 1357 827 1391 et
862 1349 1122 1391 accidentiis
1154 1349 1246 1391 suis
1285 1349 1384 1391 aliis
1415 1349 1659 1404 capellanis
1694 1350 1970 1405 applicandis
2006 1357 2049 1393 et
2086 1350 2288 1406 ingressu

487 1419 670 1475 capituli
704 1426 745 1461 et
779 1419 932 1461 auditu
966 1425 1236 1460 secretorum
1269 1417 1467 1460 eiusdem
1491 1433 1568 1472 per
1599 1433 1766 1460 annum
1799 1418 1996 1473 proxime
2028 1426 2287 1475 sequentem

488 1490 582 1532 sine
605 1503 729 1530 mora
751 1488 949 1543 priuetur

604 1558 819 1601 Similiter
851 1564 1071 1600 statutum
1094 1564 1137 1600 et
1160 1557 1412 1600 ordinatum
1445 1564 1512 1599 est
1545 1559 1660 1611 quod
1693 1558 1842 1600 nullus
1874 1557 2062 1599 clericus
2083 1557 2127 1599 in
2151 1557 2289 1602 sacris

490 1628 717 1670 ordinibus
740 1627 922 1669 minime
951 1626 1223 1669 constitutus
1256 1627 1411 1669 sedilia
1442 1627 1704 1682 principalia
1736 1626 1842 1669 dicti
1865 1627 1987 1669 chori
2009 1626 2174 1669 intrare
2195 1641 2290 1682 pre-

491 1706 638 1740 sumat
674 1699 750 1740 sed
785 1697 939 1739 sedilia
974 1696 1195 1739 anteriora
1237 1696 1342 1738 dicti
1384 1696 1506 1739 chori
1548 1711 1625 1751 pro
1662 1696 1810 1751 pueris
1846 1696 2050 1738 ordinata
2090 1701 2290 1751 tempore

491 1767 742 1810 diuinorum
766 1772 951 1820 occupet
975 1766 1055 1808 sub
1078 1780 1193 1820 pena
1215 1764 1450 1807 solutionis
1471 1765 1600 1807 vnius
1622 1765 1788 1819 denarij
1815 1764 1909 1807 sine
1930 1763 2191 1807 remissione
2211 1779 2291 1820 pro

491 1836 687 1892 qualibet
708 1835 803 1877 vice
826 1834 1027 1877 soluendi

607 1985 884 2041 Quequidem
903 1986 1086 2028 Statuta
1107 1991 1322 2039 tanquam
1346 1984 1506 2027 rationi
1529 1999 1726 2027 consona
1749 1985 1804 2027 ad
1826 1985 2003 2028 laudem
2026 1984 2095 2027 dei
2112 1990 2155 2028 et
2173 1983 2291 2028 beati

495 2054 671 2109 nicolaij
704 2054 836 2096 simul
864 2054 1077 2096 sonancia
1103 2053 1219 2096 idem
1243 2054 1450 2096 dominus
1482 2053 1818 2096 commissarius
1850 2053 2116 2097 auctoritate
2147 2053 2291 2096 ordin-

492 2124 586 2166 aria
626 2123 888 2178 approbauit
930 2122 1168 2165 affirmauit
1206 2130 1249 2164 et
1285 2122 1525 2165 ratificauit
1567 2122 1814 2164 adiiciendo
1851 2136 2011 2177 penam
2048 2128 2096 2164 ut
2129 2120 2291 2177 singuli

493 2191 712 2247 capellani
735 2199 777 2234 et
801 2191 874 2245 alij
900 2191 1066 2246 prefate
1089 2190 1275 2232 ecclesie
1293 2190 1485 2232 ministri
1502 2189 1662 2232 futuris
1678 2190 1952 2244 temporibus
1971 2188 2294 2232 Inuiolabiliter

493 2276 545 2304 ea
572 2261 722 2303 omnia
744 2267 786 2302 et
811 2259 985 2314 singula
1017 2260 1253 2301 obseruent
1276 2265 1319 2300 et
1341 2258 1524 2312 quilibet
1557 2272 1708 2300 eorum
1741 2259 1944 2300 obseruet
1977 2259 2058 2300 sub
2090 2256 2217 2312 penis
2247 2257 2292 2299 in

494 2331 659 2373 eisdem
687 2330 910 2372 contentis
936 2336 979 2371 et
1009 2328 1315 2383 suspensionis
1337 2343 1363 2370 a
1388 2328 1640 2370 diuinorum
1667 2327 1962 2370 celebratione
1985 2327 2029 2369 in
2051 2327 2294 2383 presbitros

494 2406 537 2442 et
561 2397 1036 2442 excommunicationis
1054 2396 1234 2439 maioris
1256 2396 1300 2438 in
1323 2396 1460 2439 laicos
1483 2411 1561 2438 seu
1582 2396 1810 2438 inferiores
1827 2403 1896 2438 etc

610 2550 859 2592 Alexander
881 2549 968 2603 hay
991 2547 1233 2590 canonicus
1255 2562 1307 2590 ac
1330 2546 1665 2590 commissarius
1691 2546 1997 2590 abirdonensis
2019 2548 2075 2590 ad
2096 2547 2178 2589 hec

613 2620 837 2662 Iohannes
859 2618 1067 2673 dingwall
1092 2617 1177 2673 Qui
1201 2631 1333 2671 supra
1356 2631 1491 2659 manu
1513 2632 1594 2659 sua
1709 2666 1711 2670 f

613 2689 836 2731 Dominus
858 2689 1046 2730 andreas
1069 2701 1243 2741 cowper
1265 2701 1401 2729 manu
1423 2687 1599 2742 propria
1621 2688 1676 2729 ad
1699 2687 1779 2728 hec

612 2757 746 2799 dauid
768 2757 1027 2799 nicholsone
1050 2757 1105 2797 ad
1127 2756 1209 2797 hec
1233 2770 1367 2798 manu
1390 2755 1567 2810 propria

612 2828 819 2871 dominus
843 2827 1067 2870 Ihoannes
1089 2827 1164 2868 red
1187 2840 1322 2868 manu
1345 2826 1521 2881 propria

612 2898 813 2940 robertus
835 2910 1022 2939 masoun
1046 2909 1180 2938 manu
1203 2895 1379 2950 propria
