2524 3418
130 2010 185 2042 sol.
209 2012 269 2043 105
281 2010 291 2030 ¹

420 297 502 338 260
926 297 1089 338 statuta
1122 295 1168 336 de
1199 295 1500 350 capellanorum
1530 295 1710 338 moribus

1085 410 1342 452 XVillelmus
1364 409 1672 452 abirdonensis

1083 480 1332 521 Alexander
1357 479 1664 522 abirdonensis

1085 548 1300 603 Magister
1336 549 1515 590 thomas
1551 549 1775 591 chawmer
1805 556 1986 591 curatus
2018 550 2071 591 de
2103 551 2224 592 aber-

420 607 518 661 Ego
540 606 741 660 gawinus
767 607 1036 648 aberdonen-
1289 619 1399 659 dene
1423 632 1558 659 manu
1582 617 1759 672 propria

420 675 480 717 Sis
502 675 736 729 epiSCOPUS
759 676 953 729 apps0b0
1088 686 1305 741 Magister
1336 686 1469 729 dauid
1502 701 1681 729 menzes
1713 688 1768 729 ad
1800 687 1881 729 hec
1914 702 1991 742 pro
2023 693 2222 742 ternpore

420 745 636 800 psemiSsa
1287 756 1484 798 eiusdem
1508 756 1675 798 domini
1693 756 1931 798 Alexandri
1954 758 2224 800 aberdonen-

1289 826 1350 867 sis
1365 825 1389 850 *
1419 826 1753 869 commissarius
1775 827 1892 868 idem
1915 827 2186 870 confirmans

1087 894 1294 937 dominus
1317 895 1450 937 dauid
1473 897 1643 938 Wauss
1665 897 1720 938 ad
1743 896 1824 938 hec
1847 911 1983 938 manu
2005 897 2181 952 propria

1085 964 1292 1007 dominus
1316 966 1541 1007 Iohannes
1559 967 1704 1009 Waus
1721 967 1776 1008 ad
1794 967 1876 1008 hec
1893 981 2030 1009 manu
2048 967 2224 1022 propria

1087 1033 1296 1076 dominus
1319 1034 1451 1076 dauid
1475 1035 1555 1076 leis
1578 1037 1633 1077 ad
1656 1036 1738 1077 hec
1761 1050 1897 1078 manu
1919 1036 2095 1091 propria

1086 1102 1293 1144 dominus
1346 1104 1571 1146 Iohannes
1623 1119 1802 1159 murray
1844 1106 1899 1147 ad
1949 1105 2031 1147 hec
2088 1119 2224 1149 manu

1287 1173 1462 1227 propria

1088 1240 1295 1283 dominus
1320 1242 1546 1285 Iohannes
1566 1242 1653 1298 fyfe
1675 1244 1730 1285 ad
1753 1243 1835 1285 hec
1858 1258 1992 1286 manu
2015 1244 2192 1300 propria

1090 1311 1307 1366 Magister
1331 1313 1371 1354 R
1394 1327 1582 1355 masoun
1605 1314 1660 1356 ad
1683 1313 1764 1355 hec
1788 1327 1923 1356 manu
1946 1315 2123 1369 propria

423 1389 521 1442 Ego
543 1388 796 1432 Vilhelmug
820 1390 1003 1445 Episco-
1087 1380 1294 1423 dominus
1316 1382 1495 1424 thomas
1518 1383 1663 1437 bynne
1686 1383 1741 1424 ad
1763 1382 1845 1424 hec
1868 1397 2004 1426 manu
2027 1383 2203 1439 propria

421 1473 504 1512 pus
526 1460 842 1502 aberdonensis
865 1475 938 1516 ap-
1087 1450 1296 1492 dominus
1317 1451 1554 1494 willelmus
1585 1466 1750 1506 couper
1771 1453 1826 1494 ad
1849 1452 1930 1495 hec
1963 1467 2099 1496 manu
2127 1468 2224 1509 pro-

421 1527 557 1581 probo
578 1527 795 1582 premissa
1286 1520 1381 1574 pria

1087 1589 1295 1631 dominus
1311 1591 1513 1632 Andreas
1530 1604 1704 1646 cowper
1721 1591 1776 1633 ad
1793 1591 1874 1634 hec
1894 1605 2029 1634 manu
2047 1593 2224 1648 propria

1090 1659 1306 1714 Magister
1327 1660 1586 1704 Willelmus
1608 1659 1863 1716 philipsoun
1884 1662 1952 1704 Ad
1974 1661 2056 1705 hec
2088 1676 2225 1705 manu

1287 1744 1464 1785 propria

421 998 678 1042 W⁷illelmus
699 997 934 1052 episcopus

422 1066 738 1110 aberdonensis
761 1068 955 1122 approbo

421 1150 637 1191 premissa

1206 1915 1417 1957 CXXVI.

422 1999 577 2041 Actum
598 2001 750 2043 decimo
772 2008 916 2057 quarto
936 2004 1001 2046 die
1022 2006 1168 2048 mensis
1188 2007 1215 2048 I
1216 2007 1296 2062 ulij
1317 2008 1445 2049 Anno
1471 2007 1631 2050 domini
1659 2007 1879 2050 millesimo
1908 2007 2228 2064 quingentesimo

1184 2077 1338 2118 decimo
1359 2091 1464 2118 nono

554 2162 638 2204 UO
658 2162 726 2204 die
746 2164 1034 2207 Reuerendus
1049 2167 1256 2209 dominus
1274 2167 1490 2222 Magister
1506 2168 1730 2210 Iohannes
1747 2168 1952 2223 dinguele
1968 2168 2085 2211 sedis
2099 2183 2226 2224 apos-

432 2161 541 2294 ρ
607 2231 739 2274 tolice
771 2234 1134 2286 prothonotarius
1156 2237 1508 2279 Archidiaconus
1541 2237 1826 2279 cathenensis
1858 2244 1927 2280 etc
1949 2239 2012 2279 Ac
2034 2237 2226 2281 vicarius

425 2308 664 2354 perpetuus
705 2303 890 2345 ecclesie
933 2306 1050 2347 beati
1092 2306 1268 2361 nicolaij
1309 2308 1362 2349 de
1399 2308 1580 2350 abirden
1611 2307 1765 2349 volens
1802 2321 1879 2361 per
1914 2307 2064 2349 omnia
2098 2314 2140 2350 et
2175 2323 2228 2350 ex

425 2368 595 2411 intimis
617 2371 830 2414 effectans
862 2380 909 2415 ut
943 2374 1143 2416 diuinum
1177 2376 1370 2418 officium
1404 2378 1458 2419 ad
1492 2377 1661 2418 cultum
1695 2377 1870 2418 laudem
1893 2377 2225 2420 venerationem

425 2444 468 2479 et
501 2439 713 2482 honorem
747 2441 1067 2497 omnipotentis
1099 2445 1168 2487 dei
1201 2452 1243 2487 et
1276 2445 1393 2488 beati
1425 2446 1602 2501 nicolaij
1627 2445 1744 2488 dicte
1770 2445 1956 2488 ecclesie
1980 2446 2155 2501 patronj
2181 2446 2225 2489 in

426 2507 522 2562 ipsa
545 2509 732 2552 ecclesia
756 2512 915 2554 deuote
933 2519 976 2555 et
995 2514 1228 2557 caritatiue
1261 2516 1508 2559 celebretur
1529 2523 1572 2558 et
1595 2523 1880 2571 precantetur
1900 2531 1951 2558 ac
1969 2517 2227 2560 desiderans

427 2576 600 2631 aliquos
622 2593 767 2622 mores
789 2580 904 2624 inter
925 2584 1180 2638 capellanos
1203 2592 1245 2627 et
1274 2586 1501 2628 ministros
1533 2586 1655 2629 chori
1688 2587 1856 2641 prefate
1888 2586 2074 2629 ecclesie
2095 2587 2226 2630 refor-

428 2648 537 2689 mari
571 2650 864 2692 venerabilem
899 2659 941 2694 et
974 2654 1200 2709 egregium
1223 2655 1366 2697 virum
1401 2655 1663 2711 magistrum
1687 2656 1988 2698 Alexandrum
2015 2655 2103 2711 hay
2124 2671 2227 2698 can-

426 2716 602 2759 onicum
651 2734 701 2761 ac
749 2722 1105 2765 commissarium
1156 2726 1408 2779 generalem
1457 2726 1796 2769 abirdonensem
1848 2725 2076 2768 humiliter
2125 2741 2227 2769 cum

428 2787 657 2830 Instancia
678 2791 909 2844 requisiuit
933 2800 1152 2847 quatenus
1177 2796 1279 2850 Ipse
1306 2796 1572 2838 auctoritate
1595 2795 1817 2838 ordinaria
1841 2797 2025 2850 quedem
2055 2801 2226 2838 statuta

570 2915 587 2930 '⁵
607 2916 683 2948 Hoc
701 2927 823 2950 nornen
844 2924 863 2937 ‘¹
875 2920 1057 2953 Alexandri
1076 2922 1317 2956 aberdonensis
1330 2926 1350 2939 ”
1368 2930 1487 2966 postea
1505 2925 1546 2957 ab
1563 2925 1637 2967 ipso
1653 2924 1813 2967 episcopo
1830 2925 1991 2957 insertum
2009 2930 2070 2958 est.
