2524 3418
723 320 896 361 Rentale
927 320 1110 360 obituum
1141 323 1177 360 et
1206 317 1606 360 Anniuersariorum
1985 329 2064 371 225

263 434 577 484 Incumbentia
613 435 842 490 perficient
877 441 946 476 etc
983 448 1061 488 pro
1095 433 1255 488 quibus
1293 434 1584 476 Infeodantur
1619 432 1852 474 annuatim
1895 432 1939 472 in
1980 445 2067 474 vno

262 519 411 546 annuo
466 505 660 547 Redditu
705 504 862 559 viginti
915 505 1156 546 solidorum
1207 503 1376 545 vsualis
1428 509 1605 544 monete
1658 502 1795 544 scotie
1847 503 1899 543 de
1950 508 2068 543 terra

262 575 500 616 Alexandri
524 575 720 617 menzeis
748 575 927 629 jacente
950 575 993 615 in
1016 575 1114 616 vico
1138 574 1285 617 Castri
1309 589 1361 615 ex
1395 573 1581 615 australi
1604 579 1729 627 parte
1762 572 1960 614 eiusdem
1983 572 2068 613 vici

261 643 376 684 inter
398 651 563 686 terram
590 645 806 687 Iohannis
837 645 1094 699 ruyerfurde
1113 659 1165 686 ex
1187 644 1391 686 orientali
1415 650 1457 685 et
1480 650 1644 685 terram
1669 644 1892 697 quondam
1918 642 2069 684 Iacobi

260 713 384 754 leslie
416 720 459 755 et
493 714 626 756 dauid
657 715 852 756 menzeis
885 729 937 756 ex
969 714 1234 756 occidentali
1259 721 1328 756 etc
1362 713 1502 756 Cuius
1535 719 1786 767 margarete
1810 712 1958 754 obitus
1988 711 2070 753 fuit

260 783 403 837 primo
445 784 514 826 die
552 785 720 826 mensis
760 785 955 839 Ianuarij
996 799 1113 826 anno
1148 784 1316 826 domini
1351 783 1589 825 millesimo
1632 781 2072 837 quadringentesimo

263 854 570 908 Nonagesimo
594 855 749 909 quinto

378 976 580 1031 Septimo
615 977 684 1020 die
719 976 886 1019 mensis
917 977 1124 1019 februarii
1157 991 1274 1019 anno
1308 977 1476 1020 domini
1509 975 1750 1018 millesimo
1783 982 1934 1017 ccccmo
1967 974 2076 1029 lxxj0

261 1045 464 1100 magistri
497 1054 540 1088 et
573 1047 740 1089 domini
774 1053 817 1089 et
850 1047 1068 1101 capellanj
1106 1047 1346 1101 subscripti
1377 1046 1583 1088 videlicet
1614 1047 1847 1087 duncanus
1886 1045 2076 1087 Scherar

261 1115 521 1158 Willelmus
543 1118 708 1159 Wocat
731 1117 983 1159 Alexander
1002 1124 1133 1159 vocat
1156 1118 1408 1159 Alexander
1435 1117 1626 1159 Scherar
1660 1117 1883 1157 Robertus
1915 1115 2009 1169 leys
2031 1121 2073 1156 et

260 1185 464 1227 Andreas
496 1185 648 1227 thome
681 1186 937 1240 obligantur
968 1187 1023 1228 ad
1057 1186 1250 1228 inuicem
1284 1201 1418 1241 quam
1449 1186 1537 1228 cito
1562 1187 1617 1227 ad
1641 1184 1854 1226 noticiam
1887 1183 2076 1226 alicuius

261 1252 450 1294 istorum
488 1254 715 1295 deuenerit
753 1255 806 1296 de
843 1254 966 1296 obitu
1006 1254 1202 1309 Quilibet
1240 1254 1427 1296 istorum
1466 1252 1707 1295 celebrabit
1745 1252 1815 1293 uel
1855 1252 2076 1294 celebrare

261 1320 396 1362 faciat
430 1336 516 1362 xxx
552 1321 714 1363 missas
753 1321 956 1363 caritatis
988 1329 1030 1364 et
1060 1322 1354 1364 fraternitatis
1383 1321 1549 1363 intuitu
1581 1336 1660 1375 pro
1693 1320 1845 1363 anima
1880 1321 2076 1362 defuncti

261 1404 395 1444 quam
419 1389 508 1432 cito
530 1390 692 1445 poterit
717 1392 777 1433 Et
801 1391 1003 1446 quisquis
1026 1391 1167 1434 orabit
1192 1406 1270 1446 pro
1294 1398 1415 1434 statu
1439 1391 1615 1433 illorum
1639 1405 1772 1444 quarn
1797 1390 1871 1432 diu
1887 1390 2076 1432 vixerint

380 1505 555 1549 Ultimo
598 1506 667 1549 die
712 1506 908 1561 Ianuarij
952 1509 1082 1550 Anno
1127 1507 1292 1562 dominj
1341 1506 1582 1549 Millesimo
1635 1505 2076 1561 quadringentesimo

261 1575 554 1630 nonagesimo
595 1576 887 1618 Venerabiles
938 1576 1019 1618 viri
1071 1576 1277 1619 videlicet
1328 1576 1546 1630 Magister
1597 1577 1830 1617 duncanus
1886 1575 2077 1617 Scherar

263 1644 519 1687 Canonicus
551 1645 859 1687 abirdonensis
893 1645 1108 1700 magister
1136 1646 1327 1688 andreas
1359 1645 1497 1687 bisset
1527 1644 1720 1686 vicarius
1749 1645 1801 1685 de
1833 1644 2078 1698 Inuerovry

262 1712 469 1754 dominus
526 1713 660 1755 dauid
716 1728 865 1755 wauss
917 1713 1109 1755 vicarius
1161 1714 1213 1755 de
1265 1713 1390 1755 banff
1441 1712 1655 1767 magister
1711 1712 1949 1754 alexander
1999 1712 2081 1766 fyff

264 1782 472 1824 dominus
510 1782 736 1825 Iohannes
774 1783 1109 1825 strathauchtin
1142 1783 1350 1826 dominus
1386 1783 1639 1825 wilhelmus
1680 1782 1902 1824 mvrisone
1937 1781 2075 1823 domi-

262 1866 346 1894 nus
370 1853 560 1894 andreas
593 1853 775 1894 chamer
807 1852 1016 1895 dominus
1044 1854 1247 1895 Andreas
1280 1853 1434 1895 thome
1468 1852 1676 1894 dominus
1714 1851 1940 1893 Iohannes
1972 1851 2076 1893 blak

261 1928 304 1964 et
347 1922 554 1965 dominus
595 1923 844 1966 Walterius
884 1923 1082 1965 falcones
1129 1922 1348 1978 capellanj
1398 1922 1653 1977 obligantur
1693 1922 1749 1963 ad
1791 1920 1983 1962 inuicem
2025 1926 2074 1962 ut

262 2006 396 2047 supra

379 2118 540 2161 Obitus
563 2119 789 2173 quondam
812 2119 926 2161 bone
958 2118 1172 2161 memorie
1194 2118 1381 2174 Agnetis
1407 2118 1579 2160 Feehat
1603 2123 1645 2160 et
1670 2116 1820 2160 Dauid
1843 2115 2073 2160 Collisoun

263 2203 450 2242 quorum
474 2188 808 2230 anniuersarius
841 2189 1074 2230 annuatim
1099 2189 1394 2231 celebrabitur
1416 2189 1471 2231 ad
1504 2189 1644 2230 altare
1669 2187 1811 2242 sanctj
1842 2186 2074 2228 michaelis

262 2256 531 2311 Archangeli
568 2257 612 2298 in
652 2257 891 2299 Dominica
932 2257 1134 2312 proxima
1171 2264 1271 2311 post
1307 2257 1471 2299 festum
1510 2256 1614 2310 dictj
1656 2256 1799 2298 sancti
1841 2254 2074 2297 michaelis

263 2325 451 2379 singulis
484 2326 614 2367 annis
648 2327 985 2381 Imperpetuum
1017 2327 1131 2369 Cum
1156 2326 1295 2368 missa
1317 2328 1370 2367 de
1402 2332 1509 2368 nota
1532 2327 1585 2367 de
1617 2325 1767 2379 requie
1790 2331 1833 2366 et
1855 2323 2073 2379 trigintali

263 2401 476 2447 sequente
508 2409 586 2448 per
618 2395 919 2437 Ebdomidam
943 2409 1020 2449 pro
1051 2394 1286 2437 animabus
1313 2394 1533 2436 dictorum
1567 2395 1790 2448 quondam
1817 2393 2003 2447 Agnetis
2029 2399 2072 2434 et

263 2462 438 2504 dauidis
475 2469 711 2517 parentum
754 2470 796 2505 et
839 2464 1174 2506 benefactorum
1218 2477 1400 2505 suorum
1439 2470 1481 2505 et
1524 2462 1724 2505 omnium
1762 2462 1958 2503 fidelium
2001 2462 2072 2503 de-

263 2532 516 2574 functorum
552 2533 742 2586 Insuper
773 2531 877 2585 dictj
914 2531 1135 2586 capellani
1167 2531 1273 2573 dicti
1306 2531 1493 2573 ecclesie
1519 2530 1637 2573 beati
1660 2530 1870 2583 nicholaij
1905 2544 2073 2572 annua-

262 2601 345 2643 tim
367 2601 568 2643 tabulam
591 2602 769 2644 solitam
793 2609 1050 2657 coopertam
1075 2602 1304 2644 situabunt
1328 2616 1460 2655 super
1482 2601 1809 2643 monimentum
1833 2601 2073 2642 eorundem

264 2669 502 2712 luminaria
531 2670 760 2713 inuenient
793 2678 840 2712 ut
874 2671 1011 2712 moris
1033 2671 1167 2712 estin
1191 2670 1446 2712 huiusmodi
1479 2669 1797 2712 anniuersariis
1827 2670 2074 2723 Ceteraque

266 2738 580 2781 Incumbentia
611 2739 841 2793 perficient
866 2740 952 2781 Pro
975 2739 1135 2794 quibus
1168 2739 1451 2780 infeodantur
1482 2738 1716 2780 annuatim
1740 2738 1784 2779 in
1806 2752 1893 2779 vno
1925 2751 2074 2779 annuo

262 2807 437 2849 redditu
470 2807 613 2848 decim
647 2807 889 2850 solidorum
912 2808 1080 2849 vsualis
1113 2814 1290 2849 monete
1325 2806 1469 2849 scocie
1492 2808 1544 2849 de
1567 2814 1684 2849 terra
1707 2806 1840 2848 dauid
1873 2806 2006 2860 fynne
2028 2806 2072 2847 in

261 2875 358 2930 futy
400 2889 484 2929 que
520 2875 601 2916 fuit
644 2875 750 2916 olim
793 2875 1021 2917 alexandri
1063 2875 1280 2917 tailzeour
1321 2889 1482 2917 nouem
1527 2874 1691 2916 solidos
1735 2876 1793 2915 Et
1837 2873 2069 2916 duodecim

263 2943 469 2986 denarios
501 2944 554 2985 de
585 2950 702 2985 terra
733 2944 909 2986 Andree
939 2937 1113 2998 vmfray
1143 2943 1187 2984 in
1219 2943 1316 2984 vico
1348 2943 1572 2984 furcarum

1126 3013 1183 3044 FF

2105 2125 2162 2157 fol.
2182 2127 2219 2157 91
2234 2125 2244 2144 ¹

2105 2212 2228 2243 Obitus
2241 2223 2346 2254 quon—

2104 2256 2182 2287 dam
2200 2256 2287 2288 bone
2301 2268 2368 2288 rne-

2103 2300 2207 2331 morie
2225 2301 2359 2341 agnetis

2101 2343 2214 2375 fechat
2225 2350 2258 2375 et
2269 2344 2370 2376 dauid

2101 2387 2245 2420 collison
