2524 3418
194 966 252 1000 sol.
269 968 309 998 25
320 964 331 984 ยน

475 295 528 348 58
841 293 1080 348 Disputatio
1111 294 1156 334 dc
1189 293 1431 333 Redditibus
1463 291 1609 332 altaris
1639 295 1772 332 sancte
1803 291 1932 332 crucis

479 422 595 451 vnus
627 408 893 450 balliuorum
924 407 1029 449 dicti
1052 406 1176 459 burgi
1206 412 1252 448 vt
1285 405 1430 448 dictus
1452 406 1706 447 allexander
1727 405 1968 459 howysone
1989 405 2213 447 fatebatur
2234 411 2276 447 et

481 478 670 522 asseruit
693 478 812 520 dicto
834 477 1014 520 domino
1036 477 1292 519 allexandro
1314 475 1416 518 club
1439 481 1607 517 statum
1630 482 1673 517 et
1696 474 2025 530 possessionem
2048 475 2212 517 realem
2235 481 2278 517 et

480 548 753 603 corporalem
776 546 894 589 dicto
917 545 1044 588 altari
1068 560 1146 600 pro
1168 559 1215 587 se
1237 551 1279 587 et
1303 545 1396 586 suis
1418 545 1750 586 successoribus
1771 546 1826 587 ad
1849 544 2017 586 dictum
2040 544 2180 586 altare
2202 558 2280 598 pro

481 617 613 660 dictis
641 616 876 659 animabus
907 614 1261 657 deseruientibus
1283 628 1361 669 pro
1383 628 1430 656 se
1453 614 1736 669 singulariter
1758 614 1802 655 in
1826 614 2013 668 singulis
2034 613 2215 656 tradidit
2238 619 2281 655 et

484 685 731 741 assignauit
761 699 862 727 curn
887 684 1144 726 omnimoda
1169 690 1390 738 potestate
1414 683 1591 725 leuandi
1615 683 1885 738 percipiendi
1909 697 1987 737 pro
2009 683 2176 725 eisdem
2199 696 2282 736 que

485 755 695 809 namandj
720 761 763 796 et
786 753 1078 808 distringendi
1101 753 1259 808 agendj
1285 759 1327 794 et
1351 753 1611 807 defendendj
1640 753 1838 795 Racione
1861 752 1988 794 cuius
2004 751 2285 794 fundacionis

485 832 529 868 et
562 823 857 880 possessionis
885 823 1040 865 altaris
1066 823 1168 877 jura
1201 829 1465 877 patronatus
1494 822 1599 864 dicti
1629 822 1784 864 altaris
1813 821 1982 876 sibique
2008 821 2126 863 dicto
2153 820 2285 862 allex-

489 896 625 938 andro
648 893 741 936 suis
763 907 846 947 que
868 892 1104 934 heredibus
1126 898 1169 933 et
1193 891 1525 934 successoribus
1542 897 1694 932 tenore
1712 890 1991 945 presencium
2016 888 2288 931 contulimus

491 966 591 1006 Iure
604 977 708 1006 vero
725 968 988 1017 patronatus
1005 961 1122 1004 dicte
1139 961 1385 1016 capellanie
1400 967 1442 1002 et
1461 960 1615 1003 altaris
1632 960 1869 1003 heredibus
1885 959 1977 1001 suis
1994 965 2037 1001 et
2055 965 2097 1000 et
2115 972 2288 1000 succes-

490 1032 663 1076 soribus
685 1046 762 1086 pro
785 1037 997 1086 perpetuo
1019 1045 1278 1073 remansuro
1303 1032 1355 1073 In
1374 1044 1560 1085 quorum
1583 1030 1783 1072 omnium
1801 1035 1843 1071 et
1862 1029 2138 1083 singulorum
2156 1028 2288 1069 fidem

491 1109 533 1145 et
570 1101 878 1144 testimonium
916 1101 1048 1143 fidem
1081 1106 1125 1142 et
1157 1099 1465 1142 testimonium
1498 1099 1819 1154 promissorum
1856 1099 2053 1153 prefatus
2085 1097 2292 1140 dominus

492 1172 748 1215 allexander
783 1170 898 1214 Club
935 1170 1141 1224 Sigillum
1178 1176 1380 1212 nostrum
1415 1183 1699 1211 communem
1733 1183 1818 1222 quo
1849 1168 2015 1210 vtimur
2046 1168 2101 1209 ad
2132 1180 2294 1208 causas

493 1255 595 1284 cum
617 1239 840 1282 instancia
861 1239 1142 1294 presentibus
1159 1239 1322 1293 apponi
1340 1238 1594 1293 procurauit
1612 1239 1729 1292 apud
1747 1238 1914 1280 dictum
1933 1239 2121 1291 burgum
2137 1236 2295 1278 vltimo

494 1310 564 1353 die
587 1309 754 1352 mensis
787 1308 1063 1364 Septembris
1084 1310 1214 1350 Anno
1246 1308 1414 1350 domini
1438 1308 1676 1350 millesimo
1699 1306 2139 1362 quadringentesimo
2162 1306 2296 1348 Sexa-

495 1378 667 1435 gesimo
689 1377 832 1433 primo
854 1377 1046 1420 testibus
1070 1377 1264 1419 Ricardo
1293 1379 1346 1419 de
1369 1377 1516 1419 kintor
1543 1383 1650 1419 tunc
1673 1376 1899 1431 preposito
1932 1376 2097 1418 andrea
2118 1387 2298 1416 menzes

497 1449 663 1492 andrea
684 1447 801 1502 alanj
839 1447 1040 1490 Iohanne
1072 1461 1168 1489 mar
1191 1447 1392 1489 Iohanne
1416 1445 1586 1501 scrogis
1608 1447 1772 1488 andrea
1805 1446 1984 1487 seherar
2014 1444 2215 1487 Iohanne
2246 1444 2300 1485 de

499 1519 660 1574 kyntor
695 1516 873 1561 balliuis
908 1517 1065 1560 thoma
1097 1517 1214 1572 alanj
1251 1518 1447 1559 Roberto
1479 1516 1607 1559 boide
1644 1515 1859 1570 magistro
1893 1516 2088 1558 Roberto
2120 1518 2300 1556 stewart

502 1587 699 1632 Domino
722 1587 923 1630 Iohanne
945 1587 1140 1630 morison
1170 1586 1402 1642 capellano
1426 1586 1627 1629 Iohanne
1655 1600 1766 1628 vaus
1789 1585 1994 1628 seriando
2017 1598 2118 1626 cum
2148 1582 2302 1625 multis

501 1665 544 1702 et
567 1658 755 1703 diuersis
771 1657 873 1713 alijs
893 1663 964 1700 etc

1301 1785 1499 1827 XXXII.

617 1866 921 1911 NIUERSIS
955 1871 998 1908 et
1031 1864 1219 1921 singulis
1251 1866 1306 1908 ad
1335 1880 1522 1920 quorum
1552 1864 1737 1907 notitias
1765 1870 1994 1920 presentes
2025 1863 2179 1906 literae
2211 1878 2306 1919 per-

673 1935 875 1979 uenerint
898 1935 1151 1990 prepositus
1173 1935 1380 1978 consules
1397 1942 1439 1977 et
1455 1935 1609 1978 balliui
1626 1935 1753 1989 burgi
1775 1936 1828 1977 de
1851 1935 2098 1977 abberdene
2115 1933 2306 1976 salutem

507 2019 609 2047 cum
631 2003 938 2047 benedictione
959 2003 1111 2046 diuina
1134 2005 1248 2046 Cum
1266 2004 1388 2059 pium
1408 2004 1464 2046 sit
1487 2010 1530 2046 et
1553 2003 1827 2046 meritorium
1850 2004 1978 2046 fidele
1999 2002 2306 2045 testimonium

507 2075 736 2132 perhibere
757 2074 932 2130 veritatj
957 2080 1000 2117 et
1023 2075 1216 2117 maxime
1239 2089 1323 2129 que
1346 2089 1495 2117 coram
1520 2074 1748 2117 Iudicibus
1769 2074 1852 2117 rite
1873 2081 1916 2116 et
1939 2074 2140 2129 legaliter
2159 2072 2308 2116 termi-

509 2151 674 2188 nantur
697 2144 818 2187 Hinc
839 2150 907 2186 est
930 2145 1046 2198 quod
1069 2159 1218 2187 coram
1241 2144 1370 2187 nobis
1400 2159 1479 2199 pro
1510 2143 1722 2186 tribunali
1755 2143 2011 2186 sedentibus
2042 2142 2086 2184 in
2118 2141 2310 2196 pretorio

511 2213 618 2258 dieti
635 2212 761 2268 burgi
779 2212 850 2256 die
867 2213 970 2255 lune
987 2219 1088 2268 post
1109 2213 1274 2256 festum
1294 2213 1509 2256 Iohannis
1527 2213 1665 2255 diuini
1683 2214 1736 2255 de
1754 2227 1871 2255 anno
1888 2211 2055 2254 domini
2073 2211 2311 2253 millesimo

513 2282 953 2339 quadringentesimo
990 2283 1323 2338 septuagesimo
1359 2283 1502 2338 primo
1539 2282 1583 2324 in
1620 2283 1752 2337 plena
1783 2281 1904 2324 curia
1936 2280 2117 2336 capitali
2148 2280 2311 2323 ibidem

514 2359 640 2396 tenta
675 2359 960 2395 accesserunt
997 2354 1053 2396 ad
1089 2354 1264 2396 barram
1302 2353 1511 2395 dominus
1542 2352 1797 2394 allexander
1828 2352 1942 2395 Club
1979 2350 2238 2405 capellanus
2269 2358 2313 2393 et

517 2429 776 2479 procurator
807 2422 961 2465 altaris
993 2429 1148 2465 sancte
1179 2422 1324 2466 crucis
1348 2422 1573 2477 wlgariter
1603 2428 1858 2476 nuncupate
1890 2421 1930 2462 le
1961 2422 2128 2463 broune
2159 2435 2315 2476 croyce

519 2507 621 2536 cum
653 2507 734 2535 suo
765 2499 1050 2547 procuratore
1086 2494 1289 2535 doncano
1327 2492 1529 2534 sawchar
1559 2492 1612 2533 de
1650 2490 1860 2533 murcroft
1897 2504 1949 2531 ex
1980 2496 2105 2544 parte
2135 2503 2222 2532 vna
2255 2491 2315 2531 Et

520 2563 728 2608 dominus
751 2563 976 2606 Iohannes
1008 2564 1198 2606 modane
1221 2563 1481 2618 capellanus
1509 2561 1652 2604 sancti
1676 2560 1925 2604 christofori
1949 2574 2001 2602 ex
2028 2565 2154 2614 parte
2176 2559 2317 2602 altera

523 2636 583 2677 Et
624 2640 920 2689 peruenerunt
962 2648 988 2676 a
1020 2634 1194 2676 roberto
1231 2633 1420 2688 gillespy
1456 2631 1682 2674 communi
1724 2630 1883 2674 clerico
1924 2630 2030 2673 dicti
2067 2629 2193 2684 burgi
2227 2634 2318 2671 tres

523 2718 758 2759 processus
798 2717 876 2758 per
916 2702 1038 2758 ipsos
1079 2703 1297 2758 legittime
1339 2704 1497 2746 ductos
1547 2702 1592 2744 in
1642 2701 1784 2744 tribus
1825 2700 2002 2755 placitis
2053 2699 2320 2754 capitalibus

524 2772 722 2828 proxime
757 2778 800 2815 et
836 2772 1084 2815 immidiate
1114 2774 1402 2827 precedentes
1432 2771 1597 2827 perlegi
1632 2777 1679 2813 vt
1720 2770 1862 2813 lacius
1898 2770 1942 2812 in
1978 2770 2089 2813 libro
2125 2775 2319 2811 attorum

525 2848 675 2885 nostre
697 2841 816 2884 curie
838 2842 1091 2885 continetur
1113 2843 1256 2897 Super
1275 2848 1629 2897 recuperatorem
1657 2840 1953 2896 possessionis
1975 2846 2017 2882 et
2039 2837 2323 2894 proprietatis

526 2915 580 2957 de
611 2913 758 2957 media
789 2920 914 2970 parte
945 2914 1177 2957 cuiusdam
1209 2921 1323 2957 terre
1355 2913 1588 2957 anterioris
1620 2910 1816 2954 Iacentis
1836 2910 1881 2951 in
1903 2909 2050 2965 capite
2070 2907 2156 2951 vici
2187 2907 2320 2962 castrj
