2524 3418
351 331 568 374 Fundacio
589 330 735 372 altaris
757 329 903 373 Sancti
922 327 1141 370 saluatoris
1156 331 1231 383 per
1251 326 1468 367 Andream
1499 338 1668 378 murray
1693 325 1929 379 burgensem
1989 334 2042 377 95

239 462 310 490 me
344 449 397 490 In
426 452 718 502 augmentum
747 443 886 487 diuini
916 443 1062 486 cultus
1090 442 1304 485 honorem
1329 440 1399 483 dei
1428 437 1747 494 omnipotentis
1778 436 2046 480 Beatissime
2078 445 2096 475 8
2115 442 2197 484 Maij
2222 444 2303 482 1504

238 517 422 573 virginis
464 517 601 561 marie
650 515 794 559 sancti
843 514 1081 558 saluatoris
1129 528 1180 556 ac
1222 512 1422 555 omnium
1472 517 1729 553 sanctorum
1778 523 1855 564 pro
1904 507 2048 551 salute

239 588 387 631 anime
422 602 521 630 mee
557 586 807 630 animarum
845 591 1080 640 parentum
1116 597 1301 625 vxorum
1344 588 1678 625 antecessorum
1715 593 1914 621 meorum
1953 591 2049 619 suc-

240 672 468 700 cessorum
501 657 833 700 benefactorum
856 662 899 697 et
925 653 1125 697 omnium
1159 653 1356 695 fidelium
1389 651 1698 694 defunctorum
1732 650 1793 691 Et
1823 648 2051 703 signanter

239 742 317 782 pro
335 727 571 770 animabus
594 727 779 769 Illorum
803 740 989 781 quorum
1013 724 1162 779 aliqua
1184 725 1299 766 bona
1322 722 1588 765 minusiuste
1611 719 1746 763 habui
1769 734 1846 762 seu
1864 720 2052 773 adeptus

240 798 300 853 fuj
341 797 515 841 dedisse
557 796 833 841 concessisse
867 797 927 838 Et
969 796 1053 838 hac
1086 793 1281 849 presenti
1325 799 1449 836 carta
1491 807 1591 834 mea
1627 791 1930 835 Confirmasse
1972 790 2053 831 deo

241 866 538 922 omnipotenti
579 865 900 922 gloriosissime
939 864 1100 919 virgini
1149 863 1290 906 Marie
1333 869 1489 905 sancto
1523 861 1734 916 saluatorj
1771 867 1814 903 et
1847 858 2054 902 omnibus

243 935 412 979 sanctis
463 951 514 978 ac
566 935 696 978 altari
749 934 893 978 sancti
945 932 1184 977 saluatoris
1232 934 1285 974 In
1332 931 1521 974 ecclesia
1571 931 1690 974 beati
1740 927 1948 972 Nicholai
2002 929 2055 970 de

243 1005 452 1049 abirdene
494 1005 660 1048 situato
702 1020 753 1048 ac
796 1004 976 1048 domino
1020 1003 1211 1046 Iohanni
1254 1003 1468 1046 chaumes
1509 1002 1785 1057 Capellanno
1829 1015 1928 1043 meo
1962 1015 2057 1055 per-

245 1082 379 1130 petuo
423 1082 466 1118 et
511 1075 844 1118 successoribus
891 1074 984 1116 suis
1032 1072 1289 1128 presbiteris
1337 1086 1492 1114 omnes
1537 1078 1580 1113 et
1627 1071 1827 1126 singulos
1873 1072 2058 1112 Annuos

247 1145 467 1188 Redditus
504 1160 628 1188 meos
665 1144 942 1199 subscriptos
984 1158 1085 1186 cum
1128 1142 1317 1185 summis
1359 1142 1598 1184 eorundem
1636 1141 1850 1183 leuandos
1890 1139 2058 1182 vsualis

246 1222 424 1258 monete
458 1215 602 1270 Regni
630 1214 785 1258 Scocie
819 1216 1026 1257 Iacentes
1056 1213 1168 1255 infra
1191 1212 1360 1255 dictum
1384 1213 1572 1266 burgum
1596 1212 1648 1253 de
1669 1211 1818 1253 fundis
1839 1217 2058 1253 terrarum

246 1285 620 1340 subsequentibus
644 1285 851 1327 videlicet
883 1299 1020 1327 vnum
1050 1285 1261 1326 Annuum
1296 1281 1508 1324 Reditum
1540 1281 1696 1335 vigintj
1732 1280 1973 1323 solidorum
2007 1281 2061 1322 de

246 1362 365 1398 terra
386 1356 620 1411 Wilhelmj
655 1356 823 1398 murres
853 1357 1035 1398 Iacente
1066 1354 1111 1396 in
1143 1354 1240 1396 vico
1273 1352 1408 1395 castri
1431 1367 1484 1394 ex
1505 1351 1690 1394 australi
1713 1357 1838 1405 parte
1861 1350 2059 1392 eiusdem

245 1424 331 1467 vici
361 1426 486 1467 Inter
512 1432 678 1467 terram
704 1424 920 1467 Iohannis
943 1423 1161 1467 malisone
1190 1438 1243 1465 ex
1272 1421 1477 1464 orientali
1499 1428 1625 1476 parte
1648 1435 1700 1463 ex
1720 1435 1808 1462 vna
1830 1427 1872 1462 et
1895 1427 2059 1462 terram

247 1498 472 1550 quondam
507 1496 707 1539 Mordaci
739 1496 1052 1552 glenmalvyne
1075 1510 1128 1537 ex
1150 1493 1415 1537 occidentali
1448 1492 1650 1548 partibus
1677 1506 1729 1533 ex
1755 1491 1895 1533 altera
1923 1505 2060 1532 vnum

246 1566 458 1608 Annuum
499 1566 722 1609 redditum
765 1566 1017 1621 quindecim
1060 1565 1301 1607 solidorum
1344 1565 1397 1606 de
1438 1569 1556 1604 terra
1591 1560 1830 1603 Alexandri
1866 1561 2061 1603 Watson

248 1638 430 1679 Iacente
452 1650 505 1679 ex
526 1636 682 1679 boriali
704 1643 829 1691 parte
859 1635 1056 1678 eiusdem
1079 1634 1164 1677 vici
1198 1636 1323 1676 Inter
1353 1640 1517 1675 terram
1552 1631 1737 1674 Roberti
1758 1629 1987 1685 blyndsele
2010 1644 2062 1671 ex

248 1705 452 1749 orientali
481 1712 524 1748 et
552 1712 718 1748 terram
741 1706 916 1748 Andree
948 1704 1131 1747 littister
1159 1718 1212 1746 ex
1233 1702 1499 1746 occidentali
1530 1715 1668 1743 vnum
1700 1702 1912 1742 Annuum
1947 1700 2061 1740 Red-

247 1776 390 1819 ditum
425 1775 568 1818 decim
604 1775 846 1818 solidorum
884 1776 937 1818 de
977 1781 1096 1817 terra
1127 1772 1362 1817 Wilhelmi
1400 1771 1649 1814 Nicholson
1690 1769 1735 1811 in
1777 1770 1932 1811 eodem
1964 1767 2062 1810 vico

248 1844 364 1887 inter
393 1851 559 1888 terram
592 1844 827 1888 Wilhelmi
854 1846 1000 1900 bynne
1033 1846 1104 1887 Ex
1135 1842 1339 1886 orientali
1371 1857 1424 1885 ex
1454 1856 1542 1884 vna
1571 1848 1613 1883 et
1642 1846 1809 1883 terram
1837 1839 2061 1894 quondam

250 1913 473 1970 Raynaldi
505 1913 700 1957 Talzour
731 1929 784 1958 ex
820 1913 1086 1958 occidentali
1122 1928 1260 1956 vnum
1297 1926 1496 1956 annuum
1533 1910 1776 1954 Redditum
1814 1908 2061 1952 octodecim

248 1983 491 2027 solidorum
525 1985 579 2027 de
612 1990 730 2028 terra
762 1986 987 2040 quondam
1022 1983 1238 2027 Iohannis
1273 1983 1453 2025 scherar
1486 1987 1610 2024 extra
1642 1986 1816 2035 portam
1850 1978 2062 2022 borialem

247 2053 333 2097 vici
370 2054 505 2098 castri
544 2056 668 2097 Inter
704 2061 870 2098 terram
909 2053 1120 2110 Symonis
1161 2053 1319 2110 gardin
1360 2068 1414 2096 ex
1455 2051 1660 2095 orientali
1697 2057 1740 2093 et
1778 2063 2062 2092 communem

247 2124 366 2167 viam
410 2124 599 2180 Regiam
637 2140 690 2168 ex
727 2125 993 2169 occidentali
1029 2140 1167 2168 vnum
1209 2128 1420 2167 Annuum
1463 2122 1686 2166 redditum
1724 2120 1918 2176 quinque
1961 2119 2062 2162 soli-

249 2196 406 2237 dorum
439 2195 493 2237 de
524 2202 644 2238 terra
687 2195 903 2238 Iohannis
940 2195 1280 2250 lammyntoune
1313 2193 1358 2235 in
1398 2193 1495 2247 futy
1535 2191 1651 2233 inter
1681 2197 1846 2232 terram
1888 2188 2063 2230 Thome

250 2265 564 2321 glenmalvyne
598 2280 651 2308 ex
684 2266 870 2309 australi
901 2272 943 2308 et
974 2266 1212 2320 quemdam
1247 2270 1395 2306 ortum
1428 2268 1607 2305 vastum
1643 2275 1695 2303 ex
1728 2259 1895 2303 boreali
1926 2273 2063 2300 vnum

251 2335 464 2377 Annuum
489 2335 732 2378 Redditum
756 2337 910 2378 decem
934 2335 1176 2378 solidorum
1200 2335 1253 2376 de
1275 2340 1393 2376 terra
1411 2331 1610 2388 symonis
1632 2329 1789 2385 gardin
1814 2330 1997 2371 Iacente
2020 2327 2064 2368 in

250 2403 348 2446 vico
370 2403 554 2447 nauium
588 2406 658 2447 Ex
679 2405 946 2448 occidentali
968 2412 1094 2460 parte
1116 2404 1315 2447 eiusdem
1347 2402 1463 2444 inter
1487 2409 1651 2443 terram
1677 2398 1893 2442 Iohannis
1913 2397 2065 2452 fychat

252 2489 306 2517 ex
346 2475 532 2518 australi
573 2482 616 2518 et
657 2482 823 2519 terram
872 2477 1096 2530 quondam
1146 2472 1362 2517 Iohannis
1408 2486 1588 2514 menzes
1629 2485 1682 2512 ex
1722 2467 1888 2512 boreali
1928 2480 2065 2508 vnum

253 2544 465 2586 Annuum
504 2544 747 2587 Redditum
785 2560 862 2587 sex
899 2545 1141 2587 solidorum
1184 2551 1284 2586 octo
1317 2542 1598 2585 denariorum
1641 2541 1694 2582 de
1735 2546 1853 2581 terra
1893 2538 2067 2580 Andree

254 2613 448 2656 branche
473 2615 655 2657 Iacente
679 2616 732 2657 In
754 2615 852 2658 vico
884 2615 1068 2658 nauium
1091 2630 1144 2657 ex
1167 2613 1370 2657 orientali
1397 2618 1523 2667 parte
1546 2610 1744 2653 eiusdem
1767 2608 1882 2650 inter
1902 2613 2066 2649 terram

257 2683 409 2726 Iacobi
431 2684 592 2739 kyntor
613 2699 666 2727 ex
687 2685 892 2728 orientali
915 2692 958 2728 et
982 2699 1244 2728 communes
1265 2683 1361 2726 vias
1383 2682 1529 2737 regias
1559 2695 1612 2723 ex
1644 2677 1909 2722 occidentali
1930 2690 2067 2718 vnum

255 2766 455 2796 annuum
490 2753 733 2797 Redditum
765 2755 1004 2797 tresdecim
1039 2755 1281 2797 solidorum
1304 2759 1347 2795 et
1371 2758 1561 2807 quatuor
1586 2749 1867 2793 denariorum
1894 2747 1948 2789 de
1973 2752 2069 2788 tota

255 2829 298 2866 et
339 2825 520 2879 Integra
550 2830 668 2867 terra
706 2825 922 2868 Iohannis
954 2827 1129 2868 Andree
1164 2826 1346 2867 Iacente
1379 2823 1423 2864 in
1459 2822 1558 2865 vico
1591 2820 1725 2864 castri
1757 2819 1872 2861 inter
1904 2823 2068 2859 terram

257 2893 401 2936 sancti
435 2894 676 2937 sebastiani
699 2909 752 2937 ex
780 2896 1046 2938 occidentali
1069 2902 1111 2940 et
1135 2908 1396 2938 communes
1423 2892 1519 2934 vias
1551 2891 1695 2946 regias
1725 2904 1776 2931 ex
1805 2886 2069 2930 occidentali

254 2968 297 3004 et
330 2961 484 3004 boriali
522 2963 723 3018 partibus
755 2971 797 3007 et
830 2973 971 3008 terras
993 2964 1231 3007 Alexandri
1266 2965 1365 3005 Mar
1393 2969 1436 3005 et
1462 2960 1651 3017 gylberti
1673 2961 1818 3003 VVaus
1851 2959 1903 3000 de
1936 2970 2070 3010 many

2080 487 2285 518 Productum

2079 531 2112 561 in
2130 530 2268 562 modum

2081 573 2295 615 probacionis

2082 624 2200 649 contra
2212 617 2345 647 alexan-

2082 661 2178 692 drum
2195 660 2296 692 home

2084 704 2274 736 Robertson

2093 1576 2170 1597 now
2187 1564 2308 1607 gilbert

2094 1610 2228 1641 scherar
2245 1619 2287 1640 xv
2298 1618 2313 1639 s

2093 1653 2224 1685 obtenit

2093 1708 2114 1728 x
2127 1707 2142 1728 s
2159 1695 2290 1728 obtenit

2093 1745 2254 1782 payment
2270 1749 2312 1780 ye

2094 1784 2160 1816 airs
2176 1795 2197 1814 x
2208 1794 2224 1815 s
2242 1783 2328 1815 Iohn

2093 1827 2198 1869 bythe

2096 2342 2228 2408 gbsseiliilg
2241 2331 2288 2407 (dn

2097 2425 2259 2461 payment

2098 2464 2214 2495 thome
2227 2462 2362 2502 smythe

2098 2507 2148 2539 for
2166 2506 2304 2538 androw

2099 2550 2270 2591 braynche

2099 2594 2181 2626 land
