2524 3418
397 335 584 378 Donatio
614 335 670 376 ad
698 333 934 390 hospitalem
967 334 1090 389 burgi
1120 334 1166 376 de
1196 334 1388 376 Aberden
1419 349 1446 376 ιι
1475 334 1660 376 Ricardo
1690 335 1848 377 Kintor
1951 347 2031 391 159

226 451 462 494 memorati
506 449 709 506 magistri
756 448 972 492 Iohannis
1018 449 1106 492 clat
1151 449 1402 492 fundatoris
1448 449 1684 504 hospitalis
1727 450 1941 493 antedicti
1988 451 2033 493 in

225 520 416 576 pecunia
449 526 684 562 numerata
717 518 827 561 mihi
861 525 1092 573 gratanter
1122 519 1405 574 persoluebat
1440 520 1493 561 de
1527 534 1615 574 qua
1643 519 1821 574 quidem
1857 535 2034 564 summa

226 590 412 645 pecunie
438 604 518 644 pro
545 604 615 631 me
642 589 879 631 heredibus
905 594 947 630 et
974 588 1215 643 assignatis
1242 588 1354 630 meis
1379 594 1510 631 teneo
1537 603 1608 631 me
1634 589 1745 631 bene
1772 596 2033 632 contentum

226 666 269 702 et
291 659 488 714 plenarie
519 659 795 714 persolutum
818 664 860 699 et
890 657 1138 712 predictum
1172 658 1435 713 magistrum
1461 658 1709 701 Iohannem
1739 665 1782 700 et
1812 674 1916 701 suos
1939 674 2035 702 sue-

226 744 427 772 cessores
456 743 507 771 ac
536 728 758 782 hospitale
790 727 1066 770 antedictum
1096 742 1174 782 pro
1205 742 1275 769 me
1307 727 1544 770 heredibus
1576 734 1618 770 et
1651 727 1893 783 assignatis
1924 728 2036 770 meis

227 799 471 854 quitclamo
499 799 835 852 Imperpetuum
858 812 935 851 per
956 804 1187 851 presentes
1211 797 1477 839 Tenendum
1504 804 1546 840 et
1573 798 1829 841 habendum
1851 804 1971 841 totas
1993 805 2036 841 et

226 867 424 922 integras
469 873 611 909 terras
657 881 782 908 meas
827 865 1051 920 predictas
1098 880 1199 908 cum
1246 866 1534 920 pertinenciis
1575 867 1775 921 predicto
1821 868 2037 922 magistro

228 937 387 980 Ioanni
429 936 522 980 suis
563 936 897 980 successoribus
932 936 977 978 in
1012 936 1212 991 predicto
1254 937 1466 992 hospitali
1499 952 1578 992 pro
1612 938 1764 981 anima
1800 939 2037 981 memorati

227 1005 443 1050 Iohannis
473 1005 724 1048 fundatoris
750 1012 793 1048 et
826 1005 1063 1048 animabus
1094 1008 1457 1060 predecessorum
1485 1014 1527 1049 et
1555 1022 1864 1050 successorum
1897 1007 2038 1062 ipsius

226 1090 278 1118 ac
304 1090 383 1130 pro
416 1076 623 1118 omnibus
645 1075 883 1117 animabus
916 1075 1173 1117 christianis
1201 1076 1422 1118 defunctis
1451 1077 1533 1118 deo
1562 1078 1690 1119 beate
1718 1078 2037 1132 gloriosissime

224 1145 384 1201 virgini
418 1146 558 1188 marie
591 1152 634 1188 et
666 1145 874 1188 omnibus
911 1145 1081 1187 sanctis
1113 1152 1155 1188 et
1189 1146 1443 1201 specialiter
1477 1154 1633 1190 sancto
1667 1148 1820 1190 thome
1856 1148 2038 1192 marteri

226 1217 525 1260 seruientibus
563 1224 606 1259 et
645 1215 878 1259 seruituris
911 1231 937 1258 a
974 1231 1045 1258 me
1082 1217 1320 1259 heredibus
1352 1217 1464 1259 meis
1497 1224 1539 1259 et
1572 1218 1684 1260 meis
1710 1218 1952 1274 assignatis
1985 1221 2037 1261 de

226 1299 434 1340 supremo
476 1285 656 1328 domino
698 1292 852 1327 nostro
892 1300 995 1340 rege
1037 1292 1080 1327 et
1121 1293 1213 1327 tres
1254 1287 1390 1328 rudas
1432 1294 1714 1341 expressatas
1751 1289 1804 1330 de
1845 1288 2038 1330 dominis

226 1355 495 1411 supradictis
517 1355 562 1397 in
583 1356 711 1397 feodo
734 1361 777 1397 et
800 1354 1048 1397 hereditate
1077 1356 1414 1410 Imperpetuum
1443 1370 1544 1397 cum
1572 1356 1733 1398 debitis
1761 1357 2039 1411 longitudine

225 1433 269 1468 et
295 1426 532 1469 latitudine
561 1432 603 1468 et
627 1440 729 1467 cum
756 1425 964 1467 omnibus
990 1425 1091 1480 alijs
1114 1432 1157 1467 et
1181 1425 1368 1481 singulis
1391 1425 1729 1481 quibuscunque
1756 1426 2039 1469 libertatibus

225 1501 269 1537 et
298 1494 560 1537 asiamentis
589 1509 640 1537 ac
672 1494 810 1536 Iustis
839 1493 931 1536 suis
960 1494 1243 1550 pertinentijs
1273 1495 1612 1550 quibuscunque
1641 1497 1696 1539 ad
1725 1496 1870 1539 dictas
1897 1504 2040 1539 terras

227 1564 322 1607 siue
357 1566 494 1608 rudas
531 1564 840 1620 spectantibus
873 1579 952 1607 seu
985 1566 1110 1607 Iuste
1147 1572 1350 1620 spectare
1380 1565 1635 1608 valentibus
1669 1567 1962 1621 quouismodo
1994 1568 2039 1609 in

225 1635 426 1678 futurum
458 1636 570 1677 adeo
602 1635 738 1678 libere
767 1634 915 1690 quiete
943 1635 1140 1690 plenarie
1169 1635 1340 1690 integre
1372 1636 1615 1678 honorifice
1644 1637 1755 1679 bene
1784 1644 1827 1679 et
1856 1637 1901 1679 in
1930 1653 2040 1692 pace

227 1704 290 1747 sic
327 1704 474 1759 alique
511 1706 619 1747 rude
655 1704 750 1746 siue
786 1711 902 1746 terre
937 1704 983 1746 in
1004 1719 1141 1759 regno
1180 1705 1318 1747 scotie
1353 1706 1484 1748 vendi
1526 1713 1715 1760 possunt
1750 1707 1820 1749 vel
1857 1707 2040 1750 concedi

228 1775 394 1828 absque
441 1774 592 1829 aliqua
637 1774 923 1817 reuocatione
974 1775 1294 1818 reclamatione
1345 1791 1397 1818 ac
1440 1777 1793 1819 contradictione
1842 1778 1929 1820 mei
1969 1778 2039 1820 vel

227 1844 442 1886 heredum
464 1859 666 1887 meorum
692 1851 769 1887 aut
792 1845 1123 1900 assignatorum
1146 1846 1215 1887 vel
1238 1845 1427 1888 aliorum
1455 1862 1838 1902 quorumcumque
1860 1848 2040 1891 nomine

227 1921 380 1956 nostro
405 1914 475 1956 vel
502 1929 556 1956 ex
583 1922 709 1969 parte
737 1921 891 1957 nostra
927 1916 1085 1969 Itaque
1114 1930 1195 1958 nec
1225 1930 1306 1970 ego
1334 1916 1481 1959 dictus
1514 1917 1715 1960 ricardus
1744 1918 1930 1961 heredes
1963 1925 2040 1961 aut

228 1983 446 2039 assignati
473 1984 560 2026 mei
589 1986 665 2027 Ius
690 1985 759 2027 vel
787 1985 1009 2027 clameum
1037 1985 1216 2040 aliquod
1242 1985 1287 2027 in
1315 1986 1446 2029 dictis
1472 1987 1603 2029 terris
1631 2002 1732 2030 cum
1759 1989 2041 2044 pertinentijs

228 2053 403 2108 exigere
444 2054 690 2108 poterimus
734 2054 1027 2109 quouismodo
1068 2055 1138 2097 vel
1179 2055 1417 2098 vendicare
1459 2058 1536 2099 sed
1577 2058 1632 2099 ab
1675 2057 1842 2100 eisdem
1886 2073 2042 2101 sumus

228 2123 396 2166 exclusi
424 2125 761 2179 Imperpetuum
785 2140 862 2180 per
883 2131 1115 2179 presentes
1144 2126 1390 2168 Reddendo
1414 2127 1525 2169 Inde
1553 2127 1788 2169 annuatim
1815 2128 2042 2182 predictus

229 2194 444 2250 magister
482 2195 708 2237 Iohannes
750 2202 793 2238 et
836 2195 931 2238 eius
973 2210 1256 2256 successores
1291 2211 1499 2252 supremo
1542 2197 1722 2240 domino
1764 2204 1917 2240 nostro
1950 2198 2042 2253 regi

228 2264 404 2307 firmam
436 2264 605 2320 regiam
629 2280 731 2308 cum
755 2265 854 2308 aliis
876 2266 1038 2308 debitis
1065 2266 1292 2309 consuetis
1314 2274 1356 2309 et
1379 2267 1573 2309 dominis
1595 2269 1648 2310 de
1670 2268 1823 2310 fenton
1846 2270 1900 2311 de
1921 2269 2044 2311 rudis

229 2333 500 2388 expressatis
534 2334 727 2389 quinque
765 2336 870 2378 bata
907 2350 1150 2377 avenarum
1185 2337 1239 2378 de
1273 2336 1457 2391 antiqua
1494 2351 1706 2379 mensura
1740 2339 1795 2379 ad
1828 2338 2044 2380 terminos

229 2403 343 2446 infra
377 2404 546 2446 dictum
581 2406 771 2460 burgum
807 2412 1002 2448 statutos
1035 2413 1213 2448 tantum
1246 2421 1324 2461 pro
1359 2407 1480 2449 omni
1514 2407 1602 2450 alio
1636 2408 1819 2451 seruitio
1854 2409 2043 2451 seculari

230 2472 406 2516 actione
428 2474 497 2515 vel
525 2475 746 2517 demanda
769 2489 852 2529 que
875 2476 928 2517 de
951 2475 1163 2530 predictis
1185 2476 1315 2517 terris
1337 2476 1451 2531 exigi
1474 2483 1683 2531 poterunt
1705 2478 1774 2519 vel
1797 2477 1958 2532 requiri
1983 2479 2043 2520 Et

231 2542 268 2585 si
297 2543 528 2598 contingat
552 2546 669 2599 quod
692 2545 808 2588 absit
830 2546 1051 2600 prefatum
1076 2546 1343 2601 magistrum
1368 2547 1617 2590 Iohannem
1636 2548 1721 2590 'aut
1749 2548 1844 2590 eius
1870 2564 2044 2591 succes-

232 2626 355 2654 sores
377 2612 421 2654 in
444 2614 655 2667 predictis
681 2629 845 2657 nouem
871 2615 995 2658 rudis
1021 2623 1064 2658 et
1092 2617 1246 2658 decem
1273 2617 1341 2658 vel
1369 2616 1414 2658 in
1441 2617 1591 2672 aliqua
1618 2632 1772 2660 earum
1795 2618 2044 2672 perturbari

230 2680 299 2722 vel
341 2680 580 2735 inquietari
624 2698 702 2738 per
738 2699 808 2726 me
844 2685 914 2726 vel
951 2685 1146 2740 aliquem
1188 2685 1326 2728 alium
1366 2687 1437 2729 Ita
1474 2688 1591 2741 quod
1627 2687 1740 2729 meis
1777 2688 2045 2742 supradictis

231 2749 501 2793 alienatione
533 2758 576 2794 et
598 2753 854 2797 venditione
886 2755 1071 2810 pacifice
1093 2757 1286 2811 gaudere
1318 2771 1406 2798 non
1439 2757 1601 2811 poterit
1623 2757 1691 2799 vel
1724 2757 1918 2812 poterint
1950 2772 2045 2812 pre-

232 2821 364 2864 dictis
380 2823 502 2865 rudis
521 2838 622 2866 cum
641 2825 923 2879 pertinentiis
940 2827 1009 2868 vel
1025 2827 1175 2881 aliqua
1193 2828 1434 2869 earundem
1453 2828 1600 2883 obligo
1618 2834 1660 2870 et
1680 2827 1908 2882 abstringo
1925 2834 2046 2870 tene-

233 2899 436 2935 mentum
471 2895 630 2937 Iacens
667 2895 711 2937 in
748 2897 788 2939 le
825 2898 1079 2952 gallowgat.
1102 2899 1155 2940 de
1193 2898 1400 2941 abirdene
1433 2898 1549 2941 inter
1588 2904 1848 2941 tenementa
1884 2899 2046 2940 andree

232 2962 462 3006 ruderfurd
504 2970 547 3006 et
589 2965 816 3009 alexandri
858 2967 1032 3022 patricij
1071 2968 1136 3010 Ac
1173 2983 1329 3011 omnes
1371 2968 1484 3011 alias
1525 2974 1666 3011 terras
1707 2974 1966 3011 tenementa
2002 2974 2045 3010 et

2070 1577 2127 1610 fol.
2150 1578 2189 1609 63
2202 1575 2216 1596 ²
