2524 3418
479 347 557 387 132
969 336 1179 377 Fundano
1210 336 1411 391 Magistri
1441 337 1591 377 Dauid
1620 351 1774 379 menzes

475 455 644 503 quanto
675 451 790 504 quod
823 451 945 492 Idem
980 449 1193 504 magister
1225 449 1357 492 dauid
1389 450 1586 493 Menzeis
1617 451 1737 494 dedit
1768 450 1896 494 nobis
1927 457 1970 494 et
2003 450 2048 494 in
2084 453 2272 507 pecunia

474 526 709 562 numerata
731 519 991 562 deliberauit
1014 519 1058 561 in
1082 533 1238 574 puram
1271 519 1568 562 Elimosinam
1596 522 1650 563 ad
1673 527 1873 563 nostram
1896 527 1939 563 et
1962 535 2269 566 successorum

475 596 727 631 nostrorum
763 588 1136 631 sustentationem
1170 588 1336 644 vigenti
1373 603 1506 632 vnam
1545 589 1680 632 libras
1711 591 1766 633 ad
1800 596 1999 633 nostram
2031 591 2270 634 vtilitatem

473 672 578 713 ymo
613 665 656 701 et
693 665 945 702 nostrorum
983 673 1291 702 successorum
1328 661 1384 702 ad
1414 661 1737 703 construendas
1769 662 2041 716 reparandas
2076 668 2119 704 et
2153 661 2273 705 edifi-

473 730 641 772 candas
668 736 845 772 nostras
873 731 1032 772 domus
1059 744 1321 773 communes
1350 731 1409 773 Et
1439 730 1646 786 precipue
1677 730 1786 774 illud
1814 738 2016 774 nostrum
2048 737 2273 774 tenemen-

473 805 569 842 tum
609 801 836 842 Iacentem
865 799 909 842 in
937 800 1035 843 vico
1065 800 1261 844 Nauium
1294 801 1409 844 inter
1439 807 1603 845 terram
1632 801 1784 846 thome
1813 802 1996 845 chamer
2025 816 2078 845 ex
2108 802 2274 847 boreali

473 883 525 912 ex
560 883 648 913 vna
688 877 852 914 terram
893 871 1106 914 heredum
1154 872 1379 927 quondam
1421 872 1574 915 thome
1615 878 1713 928 prat
1755 886 1808 915 ex
1848 872 2032 915 australi
2073 872 2275 928 partibus

474 940 529 981 ab
572 940 713 983 altera
754 954 1038 984 communem
1079 940 1198 984 viam
1240 941 1408 996 regiam
1450 956 1605 984 versus
1650 941 1797 985 oriens
1843 948 1886 984 et
1933 947 2132 984 montem
2173 942 2274 985 diue

473 1008 702 1052 catharine
738 1009 921 1065 virginis
956 1025 1110 1053 versus
1151 1010 1359 1054 occidens
1402 1012 1461 1054 Et
1502 1013 1558 1055 ad
1595 1011 1679 1054 hoc
1712 1011 1964 1054 faciendum
2002 1018 2045 1055 et
2088 1012 2144 1054 ad
2180 1026 2274 1067 pre-

473 1078 660 1122 missum
693 1094 770 1135 per
800 1094 881 1123 nos
909 1088 952 1124 et
978 1088 1156 1124 nostros
1182 1096 1462 1125 successores
1491 1081 1805 1125 inviolabiliter
1828 1081 1919 1124 fore
1945 1082 2273 1125 obseruandum

471 1151 553 1192 sub
594 1150 759 1193 nostris
799 1151 1088 1207 cyrographis
1129 1158 1172 1195 et
1214 1151 1487 1195 notariorum
1529 1151 1669 1195 nostri
1710 1151 1865 1207 gremij
1910 1151 2151 1207 signaturis
2192 1151 2274 1195 sub

470 1220 692 1274 ypotheca
733 1221 933 1264 omnium
977 1224 1192 1266 bonorum
1234 1229 1488 1266 nostrorum
1530 1229 1573 1266 et
1616 1237 1925 1265 successorum
1966 1220 2308 1266 communium*

470 1289 743 1344 presentium
766 1297 809 1333 et
831 1291 1079 1335 futurorum
1098 1293 1151 1334 de
1168 1291 1367 1335 vnanimi
1384 1306 1606 1335 consensu
1627 1291 1907 1335 decernimus
1929 1297 1972 1334 et
1993 1290 2274 1334 decreuimus

469 1373 547 1414 per
587 1367 817 1416 presentes
856 1363 971 1405 Acta
1012 1368 1140 1406 erant
1181 1363 1263 1405 hec
1304 1362 1349 1405 in
1394 1363 1492 1406 loco
1537 1362 1771 1418 capitulari
1811 1361 2011 1406 vnanimi
2052 1376 2272 1406 consensu

467 1430 654 1473 fratrum
676 1430 721 1473 in
744 1432 899 1474 eodem
922 1447 1082 1488 corpus
1105 1432 1289 1488 capituli
1315 1433 1670 1488 presentantium
1702 1435 1758 1477 ad
1789 1433 1873 1476 hoc
1896 1432 2149 1489 specialiter
2170 1446 2272 1476 con-

467 1507 751 1556 gregatorum
783 1501 828 1544 in
859 1501 1012 1558 vigilia
1043 1502 1296 1546 natiuitatis
1328 1503 1549 1547 dominice
1579 1503 1793 1546 vicesima
1824 1508 1983 1558 quarta
2014 1501 2084 1545 die
2106 1501 2273 1544 mensis

470 1570 733 1615 Decembris
763 1573 893 1615 Anno
925 1572 1094 1615 domini
1126 1572 1365 1616 millesimo
1397 1572 1756 1629 quingentesimo
1786 1571 1999 1616 vicesimo
2032 1570 2274 1615 indictione

468 1653 586 1683 nona
607 1640 879 1697 sanctissimj
904 1640 948 1684 in
973 1641 1153 1687 Christo
1181 1643 1322 1699 patris
1353 1657 1405 1687 ac
1437 1642 1606 1687 domini
1638 1641 1806 1687 domini
1837 1641 1978 1685 nostri
2000 1640 2141 1684 leonis
2163 1655 2274 1697 pape

468 1710 626 1766 decimj
652 1725 770 1754 anno
793 1718 954 1754 octauo

699 1815 916 1871 Magister
936 1815 1116 1859 thomas
1138 1816 1364 1859 chawmer
1385 1822 1568 1860 curatus
1590 1817 1643 1860 de
1660 1817 1891 1860 Aberdene
1915 1829 2051 1858 manu
2073 1813 2250 1870 propria

697 1884 904 1928 dominus
925 1886 1128 1929 Andreas
1150 1886 1252 1941 culp
1275 1900 1411 1930 manu
1433 1886 1611 1942 propria

669 1999 673 2002 ,
698 1954 905 1998 dominus
929 1956 1154 1999 Iohannes
1176 1958 1322 2001 Waus
1345 1971 1482 2000 manu
1504 1956 1681 2012 propria

697 2023 904 2066 dominus
928 2024 1077 2068 Dauid
1098 2026 1245 2069 Waus
1267 2040 1403 2069 manu
1425 2025 1602 2081 propria

697 2093 904 2137 dominus
927 2095 1153 2138 Iohannes
1173 2095 1239 2151 fys
1257 2110 1394 2139 manu
1416 2095 1593 2151 propria

697 2162 906 2206 dominus
927 2163 1061 2207 dauid
1083 2163 1164 2207 leis
1187 2179 1324 2208 manu
1345 2164 1523 2221 propria

695 2232 903 2276 dominus
926 2233 1151 2276 Iohannes
1173 2248 1352 2290 murray
1373 2249 1509 2278 manu
1531 2232 1708 2290 propria

698 2301 912 2357 magister
931 2304 1134 2346 robertus
1156 2318 1312 2360 margy
1333 2318 1470 2347 manu
1492 2303 1669 2359 propria

696 2371 905 2414 dominus
925 2372 1200 2416 Wilhelmus
1221 2375 1409 2429 Cowper
1430 2387 1567 2416 manu
1588 2371 1764 2428 propria

697 2439 905 2483 dominus
929 2441 1078 2484 Dauid
1102 2443 1364 2498 Medyltoun
1387 2456 1524 2485 manu
1545 2440 1721 2497 propria

697 2509 906 2553 dominus
926 2511 1106 2555 thomas
1126 2512 1384 2568 vxmintage
1406 2526 1542 2555 manu
1563 2510 1741 2567 propria

698 2579 906 2623 dominus
929 2581 1154 2624 Iohannes
1175 2581 1268 2625 reid

699 2649 912 2704 magister
933 2650 1066 2694 dauid
1091 2651 1290 2694 Menzeis
1312 2650 1438 2694 exilis
1459 2650 1668 2693 fundator
1689 2662 1825 2692 manu
1847 2647 2024 2703 propria

814 2726 857 2761 et
882 2721 934 2762 In
957 2721 1156 2764 omnium
1179 2721 1377 2764 fidelium
1400 2720 1709 2782 defunctorum
1732 2725 1775 2762 et
1838 2749 2141 2761 .....

643 2819 703 2861 Et
740 2833 821 2874 ego
857 2820 990 2864 dauid
1027 2821 1288 2865 nicholsone
1325 2835 1452 2865 sacra
1488 2820 1735 2876 apostolica
1771 2818 2038 2863 auctoritate
2073 2816 2274 2861 notarius

642 2889 846 2943 publicus
892 2889 1180 2946 eiusdemque
1221 2890 1405 2946 capituli
1456 2891 1678 2933 confrater
1723 2889 1891 2932 domini
1933 2889 2015 2931 hec
2056 2886 2275 2943 obligacio

641 2958 1068 3014 compromissioque
1091 2959 1408 3015 peccuniarum
1430 2959 1558 3003 dacio
1581 2966 1623 3002 et
1645 2959 1841 3014 receptio
1870 2964 2104 3012 ceteraque
2125 2955 2277 3000 omnia
