2524 3418
794 293 919 336 Carta
957 295 1159 337 Willelmi
1188 295 1230 337 F
1230 296 1341 338 uthes
1554 270 1557 272 v
1916 311 1971 354 47

159 416 202 452 et
226 410 467 452 leuandum
500 411 553 452 de
584 415 680 452 toto
703 416 745 452 et
768 409 941 464 integra
966 416 1084 453 terra
1106 410 1325 454 Willelmi
1349 411 1624 454 Nicholsone
1649 414 1837 469 Jacente
1859 414 1972 457 infra

159 479 328 522 dictum
351 481 539 534 burgum
563 480 607 521 in
629 480 726 522 vico
750 480 882 534 castrj
908 495 960 522 ex
983 480 1148 535 borealj
1173 487 1298 536 parte
1331 481 1530 524 eiusdem
1551 482 1636 537 vicj
1666 482 1782 524 inter
1806 489 1970 526 terram

159 550 379 594 Willelmi
412 552 557 606 bynne
591 565 643 592 ex
676 550 878 605 orientalj
913 565 965 592 ex
995 565 1082 593 vna
1114 558 1156 593 et
1194 558 1357 593 terram
1389 553 1614 606 quondam
1647 553 1839 607 Ranaldj
1874 553 1972 595 tail-

158 635 260 662 zeor
281 635 334 662 ex
356 620 621 662 occidentali
650 620 852 674 partibus
881 621 936 662 ab
966 620 1105 662 altera
1135 627 1178 662 et
1208 636 1470 663 communes
1497 621 1593 664 vias
1625 621 1791 676 Regias
1818 637 1974 664 versus

160 696 361 732 austrum
400 696 442 732 et
477 691 656 732 boream
700 691 760 731 Et
797 704 933 731 vnum
977 704 1175 732 annuum
1221 691 1464 733 Redditum
1504 697 1694 745 quatuor
1730 691 1971 734 solidorum

158 760 326 802 vsualis
368 766 546 802 monete
588 759 726 801 scotie
773 759 1006 802 annuatim
1054 767 1290 803 exeuntem
1329 768 1371 804 et
1414 762 1654 804 leuandum
1697 763 1751 805 de
1792 769 1888 805 tota
1929 770 1972 805 et

162 832 344 885 Integra
365 836 482 872 terra
506 829 722 872 Interiore
744 830 964 872 Willelmi
991 830 1138 872 litster
1160 831 1272 873 alias
1295 846 1429 886 spens
1453 834 1634 874 Iacente
1659 833 1781 875 Infra
1804 833 1972 875 dictum

160 900 347 953 burgum
380 898 425 940 in
456 898 554 940 vico
584 898 808 953 superiore
841 899 1028 941 ecclesie
1061 914 1113 941 ex
1145 901 1308 955 borealj
1345 908 1471 955 parte
1504 901 1702 944 eiusdem
1734 902 1819 957 vicj
1858 902 1974 945 inter

158 975 321 1011 terram
369 968 556 1022 Agnetis
608 968 842 1023 stirueling
882 984 934 1011 ex
979 969 1182 1024 orientalj
1226 977 1269 1012 et
1320 977 1485 1013 terram
1528 973 1752 1026 quondam
1799 974 1974 1015 Andree

159 1038 339 1080 scherar
374 1052 427 1080 ex
461 1038 725 1093 occidentalj
765 1045 807 1080 et
849 1045 1015 1080 terram
1053 1046 1305 1093 margarete
1342 1041 1546 1083 buchane
1577 1056 1733 1084 versus
1770 1049 1972 1085 austrum

157 1108 396 1150 Tenendos
418 1114 461 1150 et
484 1108 713 1150 habendos
745 1122 901 1150 omnes
924 1114 966 1149 et
990 1108 1191 1163 singulos
1223 1109 1366 1151 dictos
1398 1125 1572 1152 annuos
1603 1111 1824 1153 Redditus
1850 1126 1974 1154 meos

157 1192 260 1221 cum
284 1178 375 1220 suis
397 1178 685 1233 pertinenciis
707 1178 890 1233 prefatis
910 1178 1077 1220 vicario
1100 1185 1143 1220 et
1167 1179 1425 1234 Capellanis
1448 1195 1499 1223 ac
1523 1180 1615 1223 suis
1642 1182 1974 1226 successoribus

158 1248 403 1304 capellanis
435 1248 542 1291 dicti
575 1248 696 1303 chorj
731 1263 757 1291 a
790 1263 861 1291 me
893 1254 936 1290 et
968 1248 1206 1291 heredibus
1238 1249 1350 1291 meis
1378 1249 1423 1291 in
1452 1265 1609 1305 puram
1639 1257 1682 1293 et
1712 1258 1972 1306 perpetuam

158 1317 458 1361 Elimosinam
497 1320 833 1373 Imperpetuum
872 1319 986 1361 Cum
1025 1318 1146 1360 omni
1186 1320 1286 1361 Iure
1324 1325 1366 1361 et
1413 1320 1528 1361 Iuris
1566 1320 1737 1362 clameo
1769 1322 1833 1363 Ac
1871 1336 1972 1364 cum

157 1388 365 1431 omnibus
387 1394 430 1431 et
453 1388 641 1443 singulis
664 1388 945 1431 libertatibus
972 1388 1370 1432 commoditatibus
1399 1395 1442 1431 et
1472 1389 1736 1432 asiamentis
1759 1405 1811 1433 ac
1836 1392 1974 1434 Iustis

157 1457 250 1500 suis
278 1457 566 1513 pertinenciis
598 1457 937 1513 quibuscunque
960 1459 1015 1500 ad
1037 1457 1262 1513 predictos
1294 1473 1468 1501 annuos
1502 1459 1723 1502 Redditus
1755 1475 1856 1503 cum
1879 1476 1974 1517 per-

156 1527 366 1570 tinenciis
407 1528 716 1583 spectantibus
753 1542 831 1570 seu
868 1527 985 1570 iuste
1027 1534 1230 1583 spectare
1266 1528 1521 1571 valentibus
1559 1530 1891 1584 quomodolibet
1928 1531 1973 1573 in

155 1597 356 1640 futurum
388 1598 452 1640 Ac
489 1596 730 1652 capiendos
765 1597 999 1640 annuatim
1038 1604 1081 1640 et
1118 1598 1334 1641 leuandos
1366 1598 1510 1641 dictos
1541 1613 1715 1642 annuos
1754 1601 1974 1643 Redditus

157 1682 259 1710 cum
301 1667 590 1723 pertinenciis
631 1669 684 1711 de
726 1668 937 1723 predictis
978 1668 1108 1711 terris
1145 1670 1200 1711 ad
1237 1670 1349 1712 duos
1391 1669 1496 1712 anni
1537 1670 1754 1713 terminos
1794 1672 1974 1714 vsuales

157 1745 440 1794 pentecostes
461 1739 667 1782 videlicet
691 1746 733 1781 et
757 1739 901 1781 sancti
925 1739 1104 1794 martinj
1130 1739 1175 1781 in
1200 1755 1329 1795 yeme
1351 1755 1429 1795 per
1450 1740 1632 1795 equales
1654 1741 1888 1796 porciones
1909 1744 1973 1785 Ac

158 1824 259 1852 cum
292 1810 430 1852 libera
461 1815 685 1864 potestate
708 1815 751 1851 et
772 1810 988 1852 facultate
1019 1809 1244 1864 predictas
1274 1816 1418 1853 terras
1441 1825 1542 1853 cum
1566 1811 1658 1853 suis
1687 1811 1974 1866 pertinenciis

157 1886 200 1922 et
240 1880 605 1923 Inhabitantibus
646 1881 886 1922 earundem
925 1895 977 1922 ac
1014 1882 1131 1923 bona
1168 1895 1249 1923 sua
1290 1895 1473 1923 namare
1511 1887 1553 1923 et
1591 1881 1854 1936 distringere
1896 1897 1973 1937 pro

156 1949 289 1992 dictis
328 1950 490 1993 annuis
525 1950 791 1993 Redditibus
826 1950 993 1993 totiens
1030 1951 1236 2006 quotiens
1268 1966 1380 2007 opus
1413 1952 1543 1994 fuerit
1582 1952 1677 1994 sine
1709 1966 1973 2007 quocunque

159 2020 275 2062 Iuris
307 2020 512 2062 ministro
534 2021 658 2063 Adeo
690 2020 826 2064 libere
858 2020 1054 2076 plenarie
1089 2023 1267 2076 Integre
1300 2022 1543 2064 honorifice
1575 2022 1686 2064 bene
1719 2028 1761 2064 et
1791 2022 1836 2064 in
1863 2037 1973 2077 pace

156 2089 201 2131 in
233 2089 442 2132 omnibus
473 2096 516 2132 et
549 2105 626 2145 per
662 2090 813 2133 omnia
847 2090 963 2133 sicut
996 2090 1157 2145 aliquis
1189 2105 1366 2133 annuus
1400 2091 1621 2134 Redditus
1654 2091 1768 2134 infra
1802 2092 1972 2135 dictum

155 2160 345 2215 burgum
368 2160 413 2201 in
435 2174 593 2215 puram
617 2166 659 2202 et
683 2167 945 2215 perpetuam
974 2160 1273 2203 Elimosinam
1305 2163 1641 2216 Imperpetuum
1665 2162 1797 2204 datur
1818 2177 1972 2205 conce-

155 2230 276 2273 ditur
296 2236 373 2273 aut
395 2230 649 2286 possidetur
671 2231 766 2273 sine
790 2231 1104 2274 Reuocacione
1128 2231 1475 2274 Reclamacione
1507 2238 1584 2274 aut
1617 2232 1972 2275 contradictione

155 2300 337 2356 aliqualj
361 2301 447 2356 mej
473 2301 686 2344 heredum
720 2316 920 2345 meorum
953 2308 1030 2345 aut
1063 2301 1252 2345 aliorum
1286 2317 1653 2357 quorumcunque
1682 2303 1973 2346 Celebrantes

158 2371 268 2413 Inde
314 2370 462 2413 dictus
501 2371 696 2415 vicarius
742 2378 786 2415 et
829 2372 1048 2428 capellanj
1094 2387 1145 2415 ac
1188 2373 1255 2428 suj
1300 2388 1584 2416 successores
1624 2373 1822 2428 qualibet
1863 2373 1972 2416 feria

156 2442 354 2484 secunda
383 2442 662 2497 temporibus
683 2443 846 2486 futuris
876 2458 1012 2486 vnam
1046 2443 1232 2486 missam
1265 2445 1319 2486 de
1340 2444 1600 2486 vulneribus
1631 2443 1800 2486 domini
1830 2443 1969 2498 nostrj

157 2510 293 2553 Ihesu
329 2511 498 2554 Christi
532 2514 588 2555 ad
622 2513 762 2555 altare
799 2513 943 2568 sanctj
982 2513 1093 2568 petrj
1130 2512 1334 2567 Apostoli
1372 2513 1493 2555 Infra
1529 2513 1696 2555 dictam
1735 2512 1971 2554 ecclesiam

154 2581 373 2624 situatum
411 2597 489 2637 pro
525 2583 670 2626 salute
712 2583 964 2626 animarum
1002 2589 1341 2638 prenotatarum
1383 2598 1463 2638 pro
1500 2583 1621 2625 omni
1659 2582 1746 2625 alio
1783 2582 1971 2624 seruicio

155 2652 344 2708 secularj
383 2653 614 2696 exactione
656 2669 734 2696 seu
776 2655 998 2697 demanda
1040 2668 1124 2708 que
1161 2655 1214 2696 de
1251 2653 1464 2708 predictis
1505 2653 1666 2695 annuis
1704 2653 1972 2696 Redditibus

156 2737 258 2765 cum
285 2723 572 2778 pertinenciis
601 2724 854 2779 aliqualiter
875 2724 988 2780 exigj
1014 2724 1177 2779 poterit
1200 2731 1277 2767 aut
1303 2724 1485 2779 Requirj
1512 2725 1572 2766 Et
1595 2738 1676 2778 ego
1698 2738 1801 2765 vero
1824 2723 1971 2766 dictus

155 2793 414 2836 Willelmus
445 2794 632 2837 heredes
661 2794 747 2850 mej
777 2800 819 2837 et
847 2795 1062 2849 assignatj
1097 2800 1217 2837 totos
1239 2800 1282 2836 et
1306 2796 1512 2849 Integros
1543 2808 1717 2836 annuos
1750 2793 1970 2836 Redditus

155 2863 399 2917 prelibatos
421 2879 522 2907 cum
547 2865 639 2907 suis
660 2865 948 2920 pertinenciis
970 2865 1154 2920 prefatis
1175 2864 1340 2907 vicario
1363 2871 1406 2907 et
1424 2864 1669 2919 capellanis
1691 2870 1734 2906 et
1758 2863 1850 2906 suis
1873 2878 1969 2906 suc-

156 2933 408 2977 cessoribus
429 2933 474 2976 in
497 2934 704 2978 omnibus
725 2942 769 2978 et
791 2950 870 2991 per
895 2933 1116 2978 omnia'ut
1139 2935 1407 2991 premissum
1431 2941 1498 2977 est
1530 2949 1608 2990 per
1639 2948 1796 2977 omnes
1827 2941 1971 2979 terras
