2524 3418
501 311 582 354 190
915 299 1140 342 Commune
1171 297 1344 340 Rentale
1375 297 1693 354 capellanorum
1713 297 1868 340 ecclesie

620 416 734 457 Item
758 428 835 469 pro
858 416 1012 456 eodem
1036 415 1089 455 de
1111 421 1228 454 terra
1250 414 1473 466 quondam
1503 413 1655 455 thome
1678 427 1734 468 og
1755 420 1878 455 extra
1901 420 2074 468 portam
2097 412 2294 455 eiusdem

499 482 585 525 vici
627 497 744 525 nunc
789 482 971 525 Ioannis
1012 495 1191 535 murray
1234 480 1426 522 Iunioris
1467 494 1544 535 per
1583 495 1665 523 nos
1706 479 1962 536 capellanos
2002 480 2124 535 chorj
2162 480 2296 522 infeo-

500 551 591 593 dati
2020 547 2061 602 vj
2087 561 2108 589 5
2128 547 2202 602 viij
2226 549 2254 590 d
2270 546 2296 572 *

616 619 804 661 Summa
827 617 960 659 huius
981 630 1037 658 xx
1060 630 1080 658 s

617 688 729 728 Item
758 699 836 740 pro
860 684 1040 726 matheo
1062 683 1199 725 fichat
1232 684 1285 725 de
1316 690 1434 724 terra
1467 682 1632 725 boreali
1664 684 1888 737 quondam
1922 682 2104 725 Ioannis
2135 681 2298 725 knollis

502 755 682 796 Iacente
705 754 748 794 in
773 754 816 807 ly
837 752 1048 807 gaistraw
1070 765 1123 793 ex
1144 751 1411 793 occidentali
1434 759 1559 806 parte
1581 751 1780 794 eiusdem
2156 765 2212 793 xx
2234 765 2255 793 s
2270 753 2297 795 †

614 824 801 866 Summa
824 822 956 864 huius
978 836 1034 863 xx
1056 836 1077 863 s

615 893 730 933 Item
754 905 831 945 pro
848 890 1053 932 XValtero
1070 889 1311 931 thomsoun
1334 890 1387 930 de
1409 895 1526 931 terra
1544 890 1767 942 quondam
1788 888 1971 931 Ioannis
1987 888 2297 944 huytzousoun

499 959 543 1001 in
566 960 595 1001 li
618 960 898 1001 hukstarraw
920 972 1037 1000 nunc
1060 957 1279 1000 willelmi
1302 958 1475 999 rolland
1497 957 1542 998 in
1564 957 1661 999 vieo
1684 956 1818 999 castri
2184 971 2212 998 x
2233 958 2296 1008 sss

614 1029 801 1071 Summa
824 1028 957 1070 huius
978 1042 1005 1068 x
1028 1041 1048 1068 s

616 1098 730 1139 Item
764 1111 843 1151 pro
865 1097 925 1138 W
930 1096 1070 1138 altero
1102 1094 1300 1136 achneiff
1325 1093 1504 1136 Iuniore
1536 1095 1589 1136 de
1620 1100 1738 1136 terra
1770 1093 1876 1136 dicti
1899 1093 2089 1148 Walterj
2115 1094 2298 1136 Iacente

497 1164 542 1207 in
563 1165 662 1207 vico
683 1164 875 1218 inferiorj
910 1162 1097 1206 ecclesie
1119 1162 1238 1204 beati
1270 1162 1447 1217 nicolaij
1473 1162 1587 1204 inter
1617 1169 1758 1205 terras
1780 1163 1942 1204 andree
1964 1162 2050 1204 low
2070 1168 2114 1204 et
2135 1162 2298 1204 andree

498 1234 717 1276 meldrum
2158 1243 2215 1272 xx
2236 1227 2296 1286 s§

614 1302 802 1344 Summa
823 1299 956 1341 huius
977 1313 1034 1340 xx
1056 1313 1077 1340 s

614 1371 730 1411 Item
753 1367 964 1424 prepositi
988 1381 1122 1422 quam
1145 1366 1367 1409 inhabitat
1389 1366 1622 1409 Walterus
1644 1366 1757 1409 blair
2187 1382 2216 1409 v
2237 1382 2258 1410 5
2277 1369 2292 1421 ΙΙ

613 1439 727 1480 Item
758 1451 836 1491 pro
860 1436 1060 1478 Iohanne
1091 1435 1373 1477 hutzousoun
1396 1436 1450 1477 de
1478 1442 1595 1477 terra
1617 1436 1840 1490 quondam
1870 1435 2097 1478 alexandri
2128 1437 2298 1480 mathe-

496 1521 608 1550 soun
645 1521 763 1549 nunc
796 1505 947 1560 vicarij
983 1506 1037 1547 de
1073 1504 1176 1559 neig
1216 1503 1382 1558 dominj
1423 1505 1586 1546 andree
1627 1505 1807 1547 scherar
1840 1505 2002 1547 tutoris
2034 1505 2123 1548 filie
2158 1505 2299 1562 ipsius

497 1575 724 1620 alexandri
758 1576 939 1617 Iacente
971 1573 1015 1615 in
1046 1573 1144 1615 vico
1177 1572 1402 1615 furcarum
1439 1586 1493 1614 ex
1528 1572 1793 1615 occidentali
1827 1580 1951 1628 parte
1984 1573 2183 1616 eiusdem
2211 1574 2295 1630 vicj

2043 1644 2118 1699 xiij
2142 1659 2164 1687 5
2184 1644 2246 1701 iiij
2270 1646 2298 1688 d

614 1716 802 1758 Summa
823 1712 956 1755 huius
978 1712 1052 1767 xiij
1078 1727 1099 1754 s
1121 1711 1181 1767 iiij
1206 1713 1233 1754 d

615 1786 730 1827 Item
753 1798 831 1839 pro
853 1785 1059 1826 duncano
1081 1783 1168 1824 clet
1191 1789 1234 1824 et
1257 1782 1416 1824 helena
1431 1781 1533 1824 eius
1551 1796 1715 1837 sponsa
1737 1783 1790 1825 de
1807 1789 1925 1825 terra
1942 1782 2083 1838 ipsius
2103 1783 2296 1840 duncanj

497 1855 604 1898 olim
635 1869 754 1897 nunc
787 1853 953 1908 dominj
991 1852 1174 1895 Ioannis
1209 1852 1429 1895 rudirfurd
1466 1852 1622 1894 militis
1659 1853 1842 1895 Iacente
1878 1853 1923 1895 in
1953 1853 2052 1896 vico
2083 1853 2296 1910 superiorj

497 1925 685 1968 ecclesie
707 1924 796 1978 diuj
821 1923 998 1978 nicolaij
1991 1923 2066 1979 xiij
2091 1938 2112 1966 5
2133 1923 2195 1979 iiij
2219 1925 2246 1966 d
2264 1925 2301 1973 ΊῘ

614 1993 833 2050 Quamuis
855 1993 974 2036 dicta
995 2000 1113 2035 terra
1134 1993 1264 2035 debet
1286 2007 1343 2034 xx
1364 2007 1385 2034 5
1408 1993 1654 2036 secundum
1686 1999 1886 2036 tenorem
1915 2007 2124 2049 premeue
2143 1993 2299 2037 funda-

497 2064 634 2107 tionis

616 2133 730 2174 Item
764 2146 843 2186 pro
871 2132 1027 2173 thoma
1052 2130 1286 2173 blinscheil
1319 2132 1373 2173 de
1404 2138 1521 2173 terra
1550 2132 1774 2186 quondam
1807 2131 2025 2174 Willelmi
2057 2131 2300 2176 scrimzour

498 2216 616 2244 nunc
639 2201 801 2243 roberti
825 2201 995 2256 smytht
1027 2199 1072 2241 in
1102 2199 1201 2241 vico
1224 2199 1439 2254 superiori
1471 2200 1607 2243 castri
1640 2201 1822 2243 Iacente
1850 2202 1906 2244 ad
1929 2202 2072 2256 capud
2093 2200 2178 2256 vicj
2201 2201 2246 2243 in
2268 2201 2299 2244 li

501 2272 697 2314 heidraw
718 2286 772 2313 ex
793 2270 997 2313 orientali
1020 2276 1145 2326 parte
1167 2270 1367 2313 eiusdem
1977 2271 2052 2327 xiij
2077 2285 2098 2314 5
2118 2271 2180 2327 iiij
2204 2273 2232 2315 d
2246 2270 2300 2296 *³*

615 2341 803 2383 Summa
825 2340 958 2382 huius
979 2338 1053 2394 xiij
1079 2353 1100 2381 s
1122 2338 1182 2394 iiij
1207 2340 1235 2381 d

617 2409 733 2451 Item
757 2423 835 2464 pro
857 2408 1038 2451 domino
1060 2408 1292 2451 Willelmo
1324 2407 1454 2450 leitht
1485 2409 1539 2451 de
1570 2414 1688 2450 terra
1719 2409 1944 2462 quondam
1966 2407 2139 2464 patricij
2162 2408 2301 2465 lesley

499 2478 686 2520 senioris
707 2478 752 2519 in
774 2478 872 2520 vico
889 2478 1080 2533 inferiorj
1101 2478 1287 2521 ecclesie
1305 2492 1439 2533 quam
1458 2478 1679 2521 inhabitat
1695 2492 1803 2521 vxor
1819 2478 2017 2521 eiusdem
2040 2493 2094 2521 ex
2114 2479 2300 2522 australi

498 2555 624 2603 parte
647 2548 845 2590 eiusdem
867 2548 951 2603 vicj
2110 2549 2181 2604 xvj
2205 2563 2227 2591 5
2244 2550 2299 2593 ††

614 2618 801 2660 Summa
823 2618 956 2660 huius
977 2618 1046 2672 xvj
1073 2632 1094 2660 5

617 2765 634 2780 ·
657 2763 830 2794 Heredum
846 2764 986 2795 villelmi
1004 2764 1164 2796 ranalson
1181 2764 1294 2795 locata
1311 2773 1371 2804 pro
1387 2773 1408 2794 x
1423 2772 1440 2794 s
1657 2764 1673 2802 ΙΙ
1691 2762 1825 2794 Andsee
1841 2773 2004 2804 mengzes

614 2820 636 2852 †
653 2818 786 2849 Andree
802 2818 867 2859 Jak
1655 2822 1682 2855 “J
1702 2817 1837 2859 Patricij
1855 2817 1988 2849 lokhart

616 2873 629 2911 ζ
650 2871 689 2902 In
707 2872 864 2903 manibus
885 2872 1000 2904 thome
1017 2871 1107 2912 duvy
1651 2871 1691 2887 ¹*
1709 2871 1853 2902 Gilberti
1870 2871 1950 2903 blak

612 2928 627 2966 ξ
647 2926 790 2958 Dauidis
806 2927 966 2968 ferguson
1656 2929 1699 2965 ††
1715 2927 1834 2968 Jacobi
1851 2927 1938 2968 lesly
