2524 3418
990 292 1247 348 Fragmenta
1969 306 2022 350 29

221 414 336 455 Item
359 413 412 454 de
434 416 551 453 terra
583 408 757 452 heredis
789 409 1013 463 quondam
1036 407 1222 464 Angusij
1252 407 1370 463 glenj
1400 406 1580 463 jacente
1603 406 1647 450 in
1669 406 1767 451 vico
1797 408 2020 453 furcarum
2053 417 2110 451 sol.
2133 417 2194 450 151

220 483 335 526 inter
356 489 498 525 terras
522 479 749 524 Edrnundi
773 481 862 522 Wa
908 510 2022 522 .................

220 561 346 609 parte
394 551 559 596 boreali
601 566 653 594 ex
695 556 819 606 parte
860 563 947 592 vna
989 556 1031 591 et
1074 555 1215 592 terras
1265 548 1481 592 Iohannis
1528 549 1756 592 bortlason
1798 563 1851 592 ex
1897 558 2022 605 parte

221 623 405 667 australi
491 651 2023 664 .......................

220 707 504 737 communem
520 691 653 734 Viam
671 689 859 745 Regiam
874 704 1029 732 versus
1044 689 1251 732 occidens
1267 696 1457 745 quatuor
1471 689 1636 732 solidos
1650 689 1884 733 annuatim
1904 692 1921 733 I
1946 724 1953 731 .
2016 724 2022 731 .

214 765 419 819 jacentes
437 763 480 804 in
499 762 543 817 ly
559 776 692 816 grene
711 761 825 802 inter
841 767 1005 803 terram
1023 760 1210 803 fratrum
1229 762 1388 803 domus
1405 760 1620 804 trinitatis
1636 774 1690 803 ex
1708 767 1832 816 parte
1847 761 1926 804 bor
1946 795 1952 802 .
2015 795 2023 802 .

219 841 393 877 vastam
417 833 629 875 heredum
654 832 878 886 quondam
903 829 1112 886 Symonis
1135 831 1225 873 lam
1249 846 1301 874 ex
1323 837 1449 887 parte
1471 846 1553 874 aus
1601 864 2024 874 .......

220 904 365 946 oriens
388 909 430 945 et
454 902 661 945 occidens
682 900 838 955 viginti
862 900 1067 943 denarios
1089 901 1322 944 annuatim
1349 903 1368 944 I
1394 934 2024 945 ..........

219 973 291 1015 vni
315 972 548 1028 capellano
572 971 742 1014 Ibidem
766 970 915 1014 divina
939 971 1180 1014 celebranti
1204 978 1252 1014 ut
1274 971 1548 1028 permittitur
1602 1005 2026 1016 .......

220 1043 264 1085 in
287 1049 501 1099 perpetua
524 1041 758 1085 elimosina
781 1042 892 1084 adeo
915 1041 1049 1084 libere
1072 1048 1115 1084 et
1139 1041 1288 1097 quiete
1309 1042 1412 1098 plen
1464 1076 2026 1085 .........

220 1129 324 1169 pare
347 1114 461 1156 sicut
485 1112 634 1168 aliqua
656 1111 891 1155 elimosina
913 1111 1026 1155 infra
1048 1112 1215 1156 dictam
1238 1112 1473 1156 ecclesiam
1536 1147 2027 1156 ........

220 1184 265 1226 in
288 1199 397 1239 pura
420 1183 654 1227 elimosina
677 1182 930 1238 possidetur
952 1182 1047 1226 sine
1070 1182 1340 1238 quaquidem
1363 1198 1408 1226 re
1464 1217 2025 1228 .........

222 1270 292 1297 me
313 1254 382 1297 vel
405 1254 619 1297 heredum
643 1269 843 1296 meorum
867 1260 944 1296 aut
968 1253 1156 1297 aliorum
1181 1268 1548 1309 quorumcunque
1604 1288 2026 1298 .......

222 1325 516 1380 quouismodo
537 1324 698 1367 futuris
719 1324 997 1380 temporibus
1048 1357 2027 1369 ...............

222 1396 459 1438 heredibus
482 1395 610 1438 meiis
633 1395 902 1450 quociesque
981 1429 2027 1440 ................

221 1467 356 1510 libere
379 1466 613 1522 disponere
638 1467 697 1508 Et
722 1466 757 1508 si
781 1466 901 1526 aliqu
981 1499 2028 1511 ................

222 1553 247 1580 a
270 1537 388 1580 dicto
412 1537 644 1592 capellano
667 1536 937 1579 subtraxerit
984 1570 2028 1582 ................

222 1609 547 1651 subtractorem
571 1607 814 1650 autoritate
837 1622 918 1650 sua
941 1622 1039 1650 com
1122 1640 2030 1652 ..............

222 1678 339 1721 dicte
362 1692 536 1721 summe
558 1677 759 1721 faciende
782 1692 941 1733 proseq
985 1711 2029 1723 ................

220 1748 364 1791 facien
426 1755 474 1791 ut
498 1748 706 1804 perfectis
729 1748 824 1791 sine
845 1749 1000 1792 fraude
1052 1781 1474 1790 .......
1477 1767 1481 1772 ·
1535 1782 2032 1794 ........

222 1819 454 1862 universas
476 1818 783 1874 possessiones
806 1825 983 1862 nostras
1054 1852 2029 1864 ...............

222 1889 578 1945 distringendum
602 1904 680 1945 per
703 1889 978 1945 Episcopum
1003 1891 1137 1932 aberd
1191 1922 2029 1935 .............

222 1959 416 2002 fiendam
440 1960 610 2015 prefato
633 1961 866 2016 capellano
889 1961 942 2003 de
966 1976 1016 2003 su
1054 1993 2029 2006 ...............

223 2036 476 2085 presentem
500 2037 700 2074 nostram
725 2030 1056 2089 ordinacionem
1081 2030 1201 2073 datio
1261 2064 2030 2077 ............

223 2100 329 2142 dum
357 2106 510 2143 nostro
536 2101 737 2144 Iohanne
760 2117 838 2157 per
859 2101 1119 2144 crucifixum
1144 2109 1186 2144 et
1263 2134 2032 2149 ............

224 2170 421 2214 humane
443 2178 645 2214 creature
669 2173 724 2215 ad
748 2172 938 2215 maledic
983 2205 2033 2219 ................

224 2255 305 2284 sua
328 2248 551 2297 potestate
574 2241 618 2284 in
642 2243 783 2285 filium
811 2258 955 2286 merer
986 2276 2033 2290 ................

224 2311 409 2355 heredes
433 2312 519 2355 mei
543 2320 586 2355 et
611 2313 697 2355 mei
721 2313 809 2356 assi
849 2346 2032 2360 ..................

225 2380 390 2424 missus
412 2389 479 2425 est
503 2382 622 2426 dicto
646 2384 761 2426 altar
848 2417 2031 2431 ..................

225 2451 526 2506 quietabimus
549 2461 596 2496 ut
619 2460 714 2496 tam
778 2487 2033 2503 ...................

224 2522 415 2565 fideliter
436 2524 726 2567 defendemus
778 2557 2032 2571 ...................

225 2591 371 2647 sigillo
393 2594 542 2636 Andre
569 2628 1133 2637 .........
1192 2615 1196 2618 ·
1195 2628 2032 2641 .............

225 2662 295 2705 die
318 2663 486 2706 mensis
572 2699 2034 2712 ......................

982 2947 1121 2989 Cetera
1147 2949 1287 2990 desunt
