2524 3418
177 2239 233 2271 sol.
252 2239 313 2271 02ยน

180 2873 300 2904 Obitus
318 2873 405 2904 alex-

179 2917 272 2947 andri
291 2927 428 2948 menzes

473 316 553 356 228
934 317 1104 357 Rcrttalc
1135 317 1316 358 obituum
1347 321 1383 357 ct
1412 317 1810 357 Anniucrsariormn

472 432 593 471 Adeo
617 430 747 471 libere
773 431 965 484 plenarie
990 431 1158 485 integre
1181 430 1421 472 honorifice
1444 432 1554 472 bene
1577 437 1619 472 et
1643 431 1686 472 in
1709 445 1817 485 pace
1840 431 1883 471 in
1907 431 2113 473 omnibus
2130 438 2172 472 et
2191 445 2269 485 per

471 498 621 539 omnia
658 498 770 540 sicut
807 498 954 552 aliqua
989 506 1103 540 terra
1141 499 1253 540 infra
1287 499 1455 540 dictum
1494 500 1681 552 burgum
1718 498 1903 540 ecclesie
1945 499 1989 540 in
2026 513 2183 553 puram
2225 506 2267 540 et

473 574 730 620 perpetuam
755 565 1035 607 elimosinam
1056 567 1202 608 Datur
1219 566 1476 608 conceditur
1498 572 1573 608 aut
1598 566 1850 620 possidetur
1867 566 1961 608 sine
1979 567 2268 609 reuocacione

472 634 793 676 reclamacione
817 642 891 676 aut
916 635 1271 677 contradiccione
1298 635 1478 690 aliquali
1503 635 1585 688 mej
1612 636 1824 678 heredum
1848 650 2046 678 meorum
2070 636 2268 691 assigna-

472 710 616 744 torum
659 711 734 744 aut
781 703 966 744 aliorum
1009 717 1373 758 quorumcunque
1423 703 1648 745 Faciendo
1690 703 1790 745 inde
1839 703 1944 758 dictj
1996 711 2178 746 curatus
2227 710 2269 746 et

473 771 688 825 capellanj
725 778 767 812 et
806 771 872 812 sui
909 772 1199 813 Successores
1234 785 1471 825 suppremo
1505 771 1684 813 domino
1722 778 1873 813 nostro
1907 772 1997 827 regi
2033 772 2269 814 seruicium

473 839 734 893 burgagium
768 840 820 880 de
853 839 972 881 dicta
995 846 1110 882 terra
1133 839 1329 882 debiturn
1354 846 1395 881 et
1419 846 1682 881 consuetum
1707 841 1770 881 Ac
1803 840 2068 883 celebranda
2090 842 2270 883 Annua-

472 907 550 947 tim
575 908 629 948 ad
652 907 791 948 altare
822 907 962 960 sanctj
991 907 1205 949 Iohannis
1228 907 1514 961 ewangeliste
1546 907 1658 949 infra
1681 907 1846 949 dictam
1870 908 2105 950 ecclesiam
2134 909 2269 951 situa-

471 983 565 1016 tum
590 990 666 1029 pro
690 975 833 1016 salute
856 975 1015 1017 Anime
1049 989 1145 1017 mee
1169 975 1418 1017 animarum
1442 975 1740 1030 predictarum
1764 990 1815 1017 ac
1848 976 2048 1018 omnium
2071 977 2268 1019 fidelium

471 1045 778 1087 defunctorum
801 1060 936 1087 vnum
971 1045 1326 1088 anniuersarium
1359 1045 1564 1088 videlicet
1595 1045 1803 1100 exequias
1835 1046 2144 1089 defunctorum
2168 1061 2269 1089 cum

471 1115 653 1168 placebo
676 1122 718 1156 et
744 1115 895 1169 Dirige
911 1115 954 1156 in
973 1117 1128 1158 sabato
1151 1123 1250 1171 post
1274 1116 1633 1170 assumpcionem
1657 1116 1913 1158 beatissime
1930 1116 2116 1171 virginis
2133 1116 2271 1159 marie

471 1185 621 1225 datam
657 1184 876 1238 presentis
909 1192 1028 1227 carte
1061 1200 1157 1227 mee
1191 1192 1450 1240 sequentem
1480 1186 1544 1227 Ac
1583 1187 1806 1227 cantando
1839 1185 1882 1227 in
1916 1185 2139 1228 dominica
2171 1185 2273 1229 inde

471 1254 670 1308 proxima
692 1262 904 1308 sequente
936 1270 1068 1297 vnam
1093 1256 1277 1297 missam
1301 1257 1353 1297 de
1376 1262 1482 1298 nota
1515 1270 1616 1298 cum
1640 1255 1789 1296 missis
1811 1255 1998 1310 priuatis
2030 1270 2107 1310 per
2128 1255 2272 1311 capel-

471 1324 597 1366 lanos
619 1324 723 1379 dictj
750 1325 869 1379 chorj
905 1326 1180 1368 celebrandis
1202 1340 1280 1381 per
1302 1325 1590 1368 Ebdomitam
1621 1332 1881 1380 sequentem
1906 1326 2095 1380 Insuper
2116 1326 2272 1368 collec-

470 1400 539 1434 tor
570 1393 787 1435 dictorum
822 1395 1153 1449 capellanorum
1186 1410 1422 1450 preconem
1454 1395 1558 1448 dictj
1593 1395 1719 1449 burgj
1754 1395 1986 1437 annuatim
2019 1409 2096 1449 per
2126 1402 2271 1438 totum

471 1464 659 1517 burgum
682 1464 822 1518 preire
844 1464 976 1506 faciet
1003 1464 1047 1506 in
1070 1464 1188 1507 dicto
1212 1465 1368 1507 sabato
1391 1471 1433 1507 et
1457 1464 1644 1519 singulis
1666 1464 1836 1506 sabatis
1857 1464 2017 1506 futuris
2039 1464 2272 1507 annuatim

470 1533 526 1574 ad
567 1533 894 1587 deprecandum
942 1548 1019 1588 pro
1061 1534 1205 1576 salute
1247 1534 1394 1576 anime
1445 1548 1542 1575 mee
1583 1540 1626 1575 et
1667 1533 1930 1575 Animarum
1973 1533 2271 1588 predictarum

470 1601 670 1643 tabulam
709 1616 840 1656 super
881 1609 1217 1644 monementum
1265 1601 1448 1644 situabit
1492 1602 1617 1643 Idem
1660 1600 1795 1655 pallio
1837 1600 2011 1643 decenti
2053 1601 2274 1656 cooperiet

471 1670 795 1725 luminariaque
831 1671 1036 1713 Inueniet
1071 1677 1118 1713 ut
1156 1670 1292 1713 moris
1329 1677 1396 1713 est
1439 1669 1659 1712 similibus
1696 1669 2014 1724 anniuersarijs
2049 1669 2276 1725 perpetuis

472 1741 746 1795 temporibus
763 1741 924 1783 futuris
946 1741 1144 1784 Tantum
1167 1756 1246 1796 pro
1269 1740 1389 1783 omni
1413 1740 1500 1783 alio
1523 1739 1709 1782 seruicio
1733 1740 1919 1794 secularj
1944 1740 2175 1782 exactione
2197 1755 2275 1783 seu

474 1811 694 1852 demanda
717 1824 800 1864 que
823 1812 876 1852 de
900 1810 1098 1865 predicta
1128 1818 1246 1853 terra
1268 1825 1370 1852 cum
1393 1809 1674 1865 pertinentiis
1697 1809 1948 1863 aliqualiter
1969 1808 2081 1864 exigj
2114 1809 2275 1865 poterit

473 1886 549 1922 aut
572 1880 731 1934 requirj
758 1881 818 1922 Et
850 1895 931 1935 ego
953 1895 1055 1923 vero
1078 1881 1224 1923 dictus
1248 1881 1473 1923 Iohannes
1502 1880 1687 1922 heredes
1709 1879 1796 1921 mei
1819 1885 1862 1921 et
1891 1878 2105 1934 assignatj
2132 1886 2275 1922 totum

473 1956 515 1992 et
534 1949 755 2004 integrum
779 1950 967 1992 croftum
987 1950 1081 1992 siue
1098 1957 1262 1992 terram
1285 1950 1530 2005 predictam
1555 1964 1655 1992 cum
1675 1949 1766 1991 suis
1788 1949 2074 2004 pertinenciis
2096 1949 2278 2004 prefatis

473 2026 628 2061 curato
650 2027 692 2061 et
725 2020 969 2074 capellanis
1001 2035 1052 2062 ac
1075 2020 1168 2063 suis
1201 2019 1543 2063 Successoribus
1571 2019 1615 2060 in
1648 2019 1854 2061 omnibus
1877 2025 1919 2060 et
1952 2033 2029 2073 per
2049 2019 2200 2061 omnia
2229 2025 2276 2061 vt

474 2089 740 2143 premissum
772 2098 838 2131 est
871 2104 948 2144 per
979 2105 1135 2132 omnes
1165 2097 1307 2132 terras
1330 2104 1381 2132 ac
1403 2088 1709 2144 possessiones
1741 2095 1918 2130 nostras
1943 2094 2098 2130 contra
2120 2103 2276 2130 omnes

476 2161 685 2202 mortales
706 2161 1085 2203 varantizabimus
1107 2161 1462 2216 acquietabimus
1485 2167 1526 2202 et
1552 2162 1888 2214 Imperpetuum
1911 2159 2198 2200 defendemus
2222 2159 2275 2200 In

474 2229 600 2271 cuius
617 2230 677 2284 rej
702 2230 1010 2272 testimonium
1033 2230 1136 2272 huic
1159 2230 1351 2285 presentj
1372 2236 1494 2272 carte
1512 2244 1608 2271 mee
1632 2229 1827 2284 sigillum
1851 2242 1999 2270 meum
2018 2234 2060 2269 et
2079 2227 2275 2282 sigillum

474 2299 745 2342 honorabilis
766 2300 845 2355 virj
882 2301 1097 2343 Iohannis
1121 2302 1285 2342 Ratree
1306 2299 1437 2342 vnius
1459 2299 1724 2342 balliuorum
1754 2297 1859 2352 dictj
1885 2297 2009 2351 burgj
2035 2311 2085 2338 ac
2109 2296 2276 2339 datoris

475 2370 632 2412 Sasine
655 2370 909 2413 huiusmodi
933 2371 1058 2425 croftj
1085 2377 1188 2413 sunt
1211 2384 1409 2425 appensa
1441 2370 1558 2425 apud
1580 2368 1806 2412 Abirdenn
1827 2367 1984 2409 vltimo
2007 2366 2076 2408 die
2108 2366 2276 2408 mensis

475 2440 575 2494 Iulij
612 2441 742 2482 Anno
779 2441 946 2483 domini
983 2441 1221 2483 millesimo
1258 2438 1616 2495 quingentesimo
1653 2444 1778 2480 sexto
1812 2451 1961 2479 coram
1998 2435 2196 2490 prouidis
2232 2441 2275 2478 et

472 2509 656 2552 famosis
677 2510 782 2552 viris
816 2511 1032 2566 Magistro
1064 2511 1197 2554 dauid
1230 2524 1409 2553 menzes
1430 2509 1640 2553 willelmo
1671 2513 1856 2551 wormet
1882 2505 2063 2549 domino
2093 2505 2276 2548 waltero

474 2579 584 2621 blair
615 2580 865 2623 Alexandro
902 2581 1014 2623 blair
1044 2581 1224 2623 domino
1255 2581 1465 2623 willelmo
1502 2592 1742 2622 muresoun
1772 2579 1938 2621 Curato
1968 2577 2021 2618 de
2049 2575 2275 2618 Abirdenn

471 2648 680 2691 willelmo
714 2650 986 2704 scrimgeour
1018 2651 1262 2705 sergeando
1286 2651 1346 2692 Et
1369 2649 1548 2693 domino
1583 2648 1784 2690 Iohanne
1817 2645 2061 2700 Stirueling
2089 2643 2276 2687 Notario

474 2718 656 2761 Publico

590 2861 750 2904 Obitus
773 2864 996 2916 quondam
1020 2864 1132 2905 bone
1156 2862 1368 2905 memorie
1401 2860 1628 2904 alexandri
1660 2874 1840 2902 menzes
1872 2857 2121 2900 elezabetht
2150 2855 2274 2898 leslie

473 2944 635 2984 sponse
659 2947 735 2974 sue
758 2933 931 2987 gilbertj
958 2947 1136 2975 menzes
1158 2933 1229 2987 auj
1255 2940 1298 2975 et
1321 2934 1484 2975 andree
1516 2931 1656 2986 patris
1688 2931 1755 2973 sui
1788 2926 2083 2972 celebrabitur
2109 2939 2276 2969 annua-
