2524 3418
225 698 281 729 sol.
301 697 360 731 24ยน

521 314 575 354 54
1082 302 1211 344 Carta
1248 300 1449 343 Willelmi
1479 300 1526 341 de
1555 299 1761 341 strabroch

522 416 594 470 vnj
630 416 877 470 Capellano
916 415 1084 458 Ibidem
1117 414 1269 457 diuina
1305 414 1545 467 celebrantj
1583 415 1916 467 Imperpetuum
1948 413 2326 457 varantizabimus

521 485 887 540 Aequietabimus
913 494 955 527 et
982 493 1195 539 tanquam
1230 498 1384 538 puram
1421 483 1717 525 Elimosinam
1753 485 2090 537 Imperpetuum
2123 484 2324 526 defende-

523 569 621 596 mus
650 556 718 596 De
744 554 1084 609 quibusquidem
1114 555 1304 608 quatuor
1336 553 1498 595 mareis
1530 560 1629 607 post
1662 552 1916 595 huiusmodi
1952 552 2324 607 Resignacionem

525 626 575 666 In
609 625 815 666 manibus
847 624 1016 678 prouidj
1050 623 1129 678 virj
1167 623 1382 666 Iohannis
1414 624 1574 665 burnat
1607 630 1714 665 tunc
1742 622 1872 665 vnius
1901 622 2166 665 balliuorum
2199 623 2323 678 burgj

523 695 575 736 de
597 695 825 736 Aberdene
858 694 1004 736 debite
1029 694 1195 736 factam
1219 700 1262 735 et
1285 693 1529 736 admissam
1563 693 1759 735 sasinam
1783 699 1825 735 et
1848 692 2174 747 possessionem
2207 693 2326 736 dicto

522 764 650 817 altarj
685 772 728 806 et
761 764 994 818 capellano
1025 763 1194 806 Ibidem
1227 778 1306 819 pro
1337 770 1550 818 perpetuo
1579 763 1820 818 celebrantj
1854 763 2022 805 contuli
2056 763 2255 806 Realiter
2282 769 2326 806 et

522 847 622 875 cum
660 834 819 876 effectu
859 835 911 876 In
947 833 1074 876 euius
1118 833 1198 888 Rej
1243 833 1550 876 testimonium
1593 833 1788 888 presenti
1829 840 1950 876 carte
1992 847 2088 876 mee
2129 832 2325 889 sigillum

522 916 670 944 meum
707 903 892 958 apposuj
933 904 993 946 Et
1029 905 1085 947 ad
1122 904 1336 946 maiorem
1373 904 1454 959 Rej
1495 903 1790 946 Euidenciam
1825 903 2020 958 sigillum
2054 903 2327 946 honorabilis

521 972 600 1027 virj
657 973 871 1015 Iohannis
917 975 970 1016 de
1021 974 1072 1016 fif
1118 981 1225 1017 tunc
1276 973 1488 1029 prepositi
1539 976 1603 1017 Ac
1655 974 1850 1029 sigillum
1902 975 2151 1018 Commune
2202 973 2324 1028 Dictj

522 1043 648 1097 burgj
688 1045 741 1086 de
772 1045 977 1086 Aberden
1009 1058 1200 1087 vnacum
1234 1044 1380 1099 sigillo
1411 1044 1516 1100 dictj
1558 1044 1772 1087 Iohannis
1804 1045 1998 1087 burnard
2033 1043 2164 1086 vnius
2204 1042 2328 1087 balli-

521 1127 678 1154 uorum
705 1113 902 1155 eiusdem
930 1128 1031 1156 curn
1066 1146 1075 1156 .
1111 1147 1120 1156 .
1155 1147 1164 1156 .
1199 1147 1209 1156 .
1242 1114 1389 1156 decuit
1420 1114 1644 1157 Instantia
1670 1114 1831 1169 apponj
1861 1114 2141 1169 presentibus
2171 1128 2326 1169 procu-

522 1182 616 1237 rauj
650 1184 780 1237 Apud
811 1183 1033 1226 Abirdene
1063 1184 1275 1227 vicesimo
1311 1192 1469 1239 quarto
1502 1185 1571 1227 die
1604 1184 1771 1226 mensis
1807 1184 1959 1239 marcij
1994 1186 2125 1227 Anno
2158 1183 2325 1227 domini

522 1252 759 1295 millesimo
796 1254 1234 1309 quadringentesimo
1267 1254 1494 1297 tricesimo
1527 1255 1717 1309 septimo
1748 1254 1960 1297 Testibus
1992 1253 2326 1297 honorabilibus

522 1322 719 1376 prouidis
750 1330 793 1366 et
825 1324 1010 1366 famosis
1039 1324 1146 1366 viris
1179 1324 1314 1367 Dicto
1348 1325 1548 1367 Iohanne
1580 1326 1633 1367 de
1664 1325 1715 1366 fif
1741 1331 1848 1367 tunc
1882 1325 2106 1379 preposito
2137 1324 2326 1380 gilberto

521 1393 574 1434 de
600 1393 795 1435 menzeis
829 1393 1055 1437 Richardo
1083 1396 1137 1437 de
1168 1395 1442 1437 Rutherfurd
1477 1395 1676 1438 Iohanne
1700 1395 1834 1438 vokat
1866 1396 2032 1438 andrea
2057 1396 2110 1438 de
2137 1394 2325 1438 Cullane

520 1463 700 1505 Andrea
741 1464 936 1506 branche
967 1465 1111 1507 Adam
1154 1466 1207 1507 de
1249 1465 1327 1506 hill
1369 1465 1547 1508 Thoma
1587 1465 1761 1520 vmfray
1795 1465 2027 1509 Willelmo
2061 1466 2115 1508 de
2151 1463 2326 1507 caidiou

522 1533 748 1575 communi
785 1533 945 1577 clerico
980 1534 1181 1590 Angusio
1212 1536 1308 1577 Ade
1345 1535 1574 1590 Stephano
1612 1535 1826 1578 Iohannis
1861 1535 2114 1578 Alexandro
2149 1548 2327 1590 moyses

520 1603 773 1646 Alexandro
805 1605 858 1646 de
890 1619 1052 1659 spensa
1084 1612 1127 1647 et
1153 1605 1384 1648 Willelmo
1414 1605 1581 1660 mathej
1617 1605 1910 1661 burgensibus
1941 1605 2046 1660 dictj
2081 1605 2206 1660 burgj
2238 1618 2326 1647 vna

521 1686 622 1714 cum
649 1672 830 1715 henrico
857 1674 1020 1716 sclater
1041 1681 1084 1716 et
1107 1675 1338 1718 Willelmo
1364 1674 1599 1718 atkinsone
1627 1676 1815 1718 Duobus
1846 1675 2192 1730 sergeandorum
2224 1687 2326 1716 cum

521 1741 674 1783 multis
695 1742 795 1784 aliis
817 1749 887 1785 etc

635 1813 823 1855 Summa
851 1813 1097 1868 capellanie
1124 1814 1308 1856 fundate
1336 1828 1414 1869 per
1441 1815 1666 1869 quondam
1694 1814 1898 1857 thomam
1923 1814 1976 1856 de
2000 1827 2178 1856 camera
2198 1812 2240 1868 vj
2265 1812 2325 1856 lib

518 1880 592 1936 xiij
610 1896 630 1924 s
651 1881 712 1936 iiij
729 1883 756 1925 d

1332 2001 1504 2043 XXIX.

627 2089 931 2133 NIUERSIS
953 2090 1070 2133 hanc
1093 2092 1277 2134 Cartam
1300 2092 1436 2135 visuri
1461 2099 1503 2134 et
1526 2091 1721 2135 audituri
1736 2091 1994 2135 Willelmus
2015 2092 2069 2134 de
2091 2091 2323 2134 strabroch

682 2158 914 2212 burgensis
935 2159 989 2200 de
1015 2159 1224 2202 abirdene
1251 2175 1303 2203 ac
1332 2161 1540 2204 dominus
1565 2163 1619 2204 de
1642 2163 1678 2204 F
1682 2176 1829 2204 owren
1855 2167 2054 2203 eternam
2076 2159 2121 2202 in
2143 2158 2323 2202 domino

521 2224 722 2267 Salutem
747 2226 975 2269 Noueritis
997 2243 1067 2271 me
1090 2243 1192 2272 cum
1215 2243 1436 2273 consensu
1468 2238 1511 2273 et
1543 2245 1730 2274 assensu
1751 2231 1968 2285 Willelmj
2006 2231 2060 2273 de
2091 2229 2323 2273 strabroch

520 2292 595 2347 filij
631 2301 674 2336 et
707 2294 881 2338 heredis
904 2296 990 2338 mei
1013 2296 1057 2338 in
1084 2305 1273 2352 pensata
1293 2299 1486 2342 vtilitate
1507 2299 1596 2343 vite
1625 2315 1722 2342 mee
1752 2306 1989 2355 parentum
2011 2306 2054 2342 et
2076 2299 2323 2342 amicorum

521 2376 720 2404 meorum
744 2370 787 2406 et
811 2365 955 2407 salute
978 2365 1126 2408 anime
1149 2381 1245 2410 mee
1263 2375 1306 2410 et
1324 2368 1576 2412 animarum
1595 2370 1834 2412 eorundem
1853 2369 2027 2412 dedisse
2049 2368 2324 2412 concessisse

520 2438 562 2473 et
585 2431 668 2474 hac
691 2440 895 2487 presente
918 2442 1041 2478 carta
1063 2450 1163 2478 mea
1192 2438 1481 2482 confirmasse
1503 2453 1676 2481 necnon
1699 2453 1776 2494 pro
1799 2453 1869 2481 me
1891 2446 1933 2481 et
1956 2439 2191 2482 heredibus
2213 2438 2325 2481 meis

519 2507 562 2542 et
598 2500 840 2556 assignatis
870 2503 1037 2557 quiette
1069 2505 1290 2549 clamasse
1327 2508 1456 2563 altarj
1496 2508 1614 2551 beati
1646 2508 1793 2563 jacobj
1828 2508 2019 2563 apostoli
2054 2508 2099 2550 in
2136 2507 2324 2551 ecclesia

519 2571 763 2624 parochiali
795 2573 913 2615 beati
945 2573 1154 2630 nicholaij
1191 2577 1245 2618 de
1268 2577 1477 2620 abirdene
1509 2577 1676 2620 situato
1708 2592 1785 2620 sex
1813 2592 1986 2620 mercas
2017 2577 2322 2633 stirlingorum

518 2642 779 2684 annualium
811 2644 1065 2687 reddituum
1097 2653 1312 2701 perpetuo
1345 2649 1398 2690 de
1429 2647 1561 2690 terris
1593 2647 1856 2702 subscriptis
1877 2647 2186 2703 percipiendas
2205 2647 2322 2690 vide-

519 2710 620 2753 licet
653 2712 947 2768 quadraginta
977 2714 1142 2757 solidos
1171 2715 1474 2771 stirlingorum
1498 2718 1551 2759 de
1573 2723 1690 2760 terra
1711 2731 1846 2771 quam
1878 2716 2104 2760 arthurius
2125 2718 2179 2760 de
2199 2717 2321 2760 aber-

518 2780 702 2834 porthoc
734 2782 788 2824 de
820 2796 890 2824 me
922 2784 1146 2837 quondam
1178 2785 1321 2828 tenuit
1354 2786 1410 2828 ad
1439 2785 1733 2828 feodifirmam
1767 2787 1948 2829 Iacente
1979 2786 2023 2828 in
2055 2785 2154 2829 vico
2183 2784 2318 2840 castrj

518 2864 570 2892 ex
601 2851 766 2894 boreali
797 2858 923 2906 parte
952 2853 1150 2896 eiusdem
1177 2854 1263 2898 vici
1291 2855 1407 2898 inter
1433 2862 1597 2898 terram
1626 2862 1733 2899 tunc
1765 2855 1861 2900 bidr
1885 2857 1938 2907 (ฮก)
1969 2856 2147 2911 Dychly
2166 2869 2321 2898 versus

518 2919 725 2962 occidens
747 2928 790 2964 et
811 2928 974 2964 terram
1004 2923 1179 2966 heredis
1200 2925 1425 2978 quondam
1457 2925 1672 2968 Iohannis
1699 2926 1753 2968 de
1780 2940 1906 2981 rossy
1926 2939 2081 2968 versus
2103 2924 2248 2968 oriens
2276 2930 2320 2968 et
