<?xml version="1.0" encoding="UTF-8"?>
<!DOCTYPE html PUBLIC "-//W3C//DTD XHTML 1.0 Transitional//EN"
    "http://www.w3.org/TR/xhtml1/DTD/xhtml1-transitional.dtd">
<html xmlns="http://www.w3.org/1999/xhtml" xml:lang="en" lang="en">
 <head>
  <title>
</title>
<meta http-equiv="Content-Type" content="text/html;charset=utf-8" />
  <meta name='ocr-system' content='tesseract 3.04.00' />
  <meta name='ocr-capabilities' content='ocr_page ocr_carea ocr_par ocr_line ocrx_word'/>
</head>
<body>
  <div class='ocr_page' id='page_1' title='image "./cartulariumeccle01sainuoft_0110.png"; bbox 0 0 2524 3418; ppageno 0'>
   <div class='ocr_carea' id='block_1_1' title="bbox 500 305 2108 361">
    <p class='ocr_par' dir='ltr' id='par_1_1' title="bbox 500 305 2108 361">
     <span class='ocr_line' id='line_1_1' title="bbox 500 305 2108 361; baseline -0.001 -12"><span class='ocrx_word' id='word_1_1' title='bbox 500 307 555 361; x_wconf 88' lang='lat' dir='ltr'>7S</span> <span class='ocrx_word' id='word_1_2' title='bbox 695 306 950 349; x_wconf 79' lang='lat' dir='ltr'>Prcscntacio</span> <span class='ocrx_word' id='word_1_3' title='bbox 980 306 1148 361; x_wconf 78' lang='lat' dir='ltr'>collegio</span> <span class='ocrx_word' id='word_1_4' title='bbox 1181 305 1495 361; x_wconf 77' lang='lat' dir='ltr'>capellanorum</span> <span class='ocrx_word' id='word_1_5' title='bbox 1525 319 1592 346; x_wconf 79' lang='lat' dir='ltr'>sex</span> <span class='ocrx_word' id='word_1_6' title='bbox 1623 306 1878 348; x_wconf 82' lang='lat' dir='ltr'>voluminum</span> <span class='ocrx_word' id='word_1_7' title='bbox 1909 307 2108 349; x_wconf 79' lang='lat' dir='ltr'>librorum</span> 
     </span>
    </p>
   </div>
   <div class='ocr_carea' id='block_1_2' title="bbox 500 419 2298 740">
    <p class='ocr_par' dir='ltr' id='par_1_2' title="bbox 500 419 2298 740">
     <span class='ocr_line' id='line_1_2' title="bbox 501 419 2298 475; baseline 0.002 -13"><span class='ocrx_word' id='word_1_8' title='bbox 501 422 641 463; x_wconf 91' lang='lat' dir='ltr'>lorum</span> <span class='ocrx_word' id='word_1_9' title='bbox 677 429 719 464; x_wconf 89' lang='lat' dir='ltr'>et</span> <span class='ocrx_word' id='word_1_10' title='bbox 757 421 930 475; x_wconf 83' lang='lat' dir='ltr'>registri</span> <span class='ocrx_word' id='word_1_11' title='bbox 967 435 1019 463; x_wconf 89' lang='lat' dir='ltr'>ac</span> <span class='ocrx_word' id='word_1_12' title='bbox 1055 419 1226 474; x_wconf 91' lang='lat' dir='ltr'>consilij</span> <span class='ocrx_word' id='word_1_13' title='bbox 1262 419 1421 462; x_wconf 90' lang='lat' dir='ltr'>clerico</span> <span class='ocrx_word' id='word_1_14' title='bbox 1453 421 1582 474; x_wconf 89' lang='lat' dir='ltr'>Apud</span> <span class='ocrx_word' id='word_1_15' title='bbox 1622 419 1883 475; x_wconf 89' lang='lat' dir='ltr'>Edinburgh</span> <span class='ocrx_word' id='word_1_16' title='bbox 1916 420 2140 464; x_wconf 90' lang='lat' dir='ltr'>Visesimo</span> <span class='ocrx_word' id='word_1_17' title='bbox 2174 428 2298 465; x_wconf 84' lang='lat' dir='ltr'>sexto</span> 
     </span>
     <span class='ocr_line' id='line_1_3' title="bbox 500 489 2297 545; baseline 0.001 -13"><span class='ocrx_word' id='word_1_18' title='bbox 500 491 568 532; x_wconf 89' lang='lat' dir='ltr'>die</span> <span class='ocrx_word' id='word_1_19' title='bbox 603 491 768 532; x_wconf 80' lang='lat' dir='ltr'>mensis</span> <span class='ocrx_word' id='word_1_20' title='bbox 807 490 1074 532; x_wconf 83' lang='lat' dir='ltr'>Nouembris</span> <span class='ocrx_word' id='word_1_21' title='bbox 1110 491 1240 531; x_wconf 89' lang='lat' dir='ltr'>Anno</span> <span class='ocrx_word' id='word_1_22' title='bbox 1277 489 1442 543; x_wconf 91' lang='lat' dir='ltr'>dominj</span> <span class='ocrx_word' id='word_1_23' title='bbox 1483 489 1719 531; x_wconf 90' lang='lat' dir='ltr'>millesimo</span> <span class='ocrx_word' id='word_1_24' title='bbox 1757 490 2126 545; x_wconf 86' lang='lat' dir='ltr'>Quingentesimo</span> <span class='ocrx_word' id='word_1_25' title='bbox 2161 493 2297 534; x_wconf 87' lang='lat' dir='ltr'>tercio</span> 
     </span>
     <span class='ocr_line' id='line_1_4' title="bbox 503 559 1233 612; baseline -0.001 -12"><span class='ocrx_word' id='word_1_26' title='bbox 503 561 559 600; x_wconf 79' lang='lat' dir='ltr'>Et</span> <span class='ocrx_word' id='word_1_27' title='bbox 587 560 727 612; x_wconf 80' lang='lat' dir='ltr'>Regni</span> <span class='ocrx_word' id='word_1_28' title='bbox 753 560 889 601; x_wconf 88' lang='lat' dir='ltr'>nostri</span> <span class='ocrx_word' id='word_1_29' title='bbox 914 559 1086 600; x_wconf 86' lang='lat' dir='ltr'>decimo</span> <span class='ocrx_word' id='word_1_30' title='bbox 1110 566 1233 600; x_wconf 90' lang='lat' dir='ltr'>sexto</span> 
     </span>
     <span class='ocr_line' id='line_1_5' title="bbox 614 627 2297 682; baseline 0.002 -13"><span class='ocrx_word' id='word_1_31' title='bbox 614 629 694 670; x_wconf 86' lang='lat' dir='ltr'>hec</span> <span class='ocrx_word' id='word_1_32' title='bbox 717 637 782 670; x_wconf 81' lang='lat' dir='ltr'>est</span> <span class='ocrx_word' id='word_1_33' title='bbox 807 643 908 670; x_wconf 80' lang='lat' dir='ltr'>vcra</span> <span class='ocrx_word' id='word_1_34' title='bbox 941 628 1068 682; x_wconf 88' lang='lat' dir='ltr'>copia</span> <span class='ocrx_word' id='word_1_35' title='bbox 1099 629 1154 670; x_wconf 88' lang='lat' dir='ltr'>ab</span> <span class='ocrx_word' id='word_1_36' title='bbox 1187 627 1389 682; x_wconf 84' lang='lat' dir='ltr'>originali</span> <span class='ocrx_word' id='word_1_37' title='bbox 1417 635 1616 670; x_wconf 87' lang='lat' dir='ltr'>extracta</span> <span class='ocrx_word' id='word_1_38' title='bbox 1639 630 1692 670; x_wconf 89' lang='lat' dir='ltr'>de</span> <span class='ocrx_word' id='word_1_39' title='bbox 1714 630 1846 671; x_wconf 93' lang='lat' dir='ltr'>verbo</span> <span class='ocrx_word' id='word_1_40' title='bbox 1869 629 1912 671; x_wconf 91' lang='lat' dir='ltr'>in</span> <span class='ocrx_word' id='word_1_41' title='bbox 1935 631 2116 672; x_wconf 91' lang='lat' dir='ltr'>verbum</span> <span class='ocrx_word' id='word_1_42' title='bbox 2140 630 2297 673; x_wconf 88' lang='lat' dir='ltr'>colaci-</span> 
     </span>
     <span class='ocr_line' id='line_1_6' title="bbox 613 706 748 740; baseline 0.007 -1"><span class='ocrx_word' id='word_1_43' title='bbox 613 706 748 740; x_wconf 88' lang='lat' dir='ltr'>onata</span> 
     </span>
    </p>
   </div>
   <div class='ocr_carea' id='block_1_3' title="bbox 1303 919 1480 960">
    <p class='ocr_par' dir='ltr' id='par_1_3' title="bbox 1303 919 1480 960">
     <span class='ocr_line' id='line_1_7' title="bbox 1303 919 1480 960; baseline 0 0"><span class='ocrx_word' id='word_1_44' title='bbox 1303 919 1480 960; x_wconf 86' lang='lat' dir='ltr'><strong>XLIII.</strong></span> 
     </span>
    </p>
   </div>
   <div class='ocr_carea' id='block_1_4' title="bbox 201 1035 2298 2840">
    <p class='ocr_par' dir='ltr' id='par_1_4' title="bbox 201 1035 2298 2840">
     <span class='ocr_line' id='line_1_8' title="bbox 204 1035 2298 1091; baseline 0.002 -17"><span class='ocrx_word' id='word_1_45' title='bbox 204 1044 259 1075; x_wconf 75' lang='lat' dir='ltr'>soi.</span> <span class='ocrx_word' id='word_1_46' title='bbox 276 1044 338 1074; x_wconf 68' lang='lat'>:112</span> <span class='ocrx_word' id='word_1_47' title='bbox 628 1036 825 1079; x_wconf 87' lang='lat' dir='ltr'><strong>UINTA</strong></span> <span class='ocrx_word' id='word_1_48' title='bbox 848 1035 917 1077; x_wconf 90' lang='lat' dir='ltr'>die</span> <span class='ocrx_word' id='word_1_49' title='bbox 941 1035 1106 1077; x_wconf 82' lang='lat' dir='ltr'>mensis</span> <span class='ocrx_word' id='word_1_50' title='bbox 1131 1035 1230 1090; x_wconf 89' lang='lat' dir='ltr'>Iulij</span> <span class='ocrx_word' id='word_1_51' title='bbox 1259 1037 1310 1077; x_wconf 91' lang='lat' dir='ltr'>In</span> <span class='ocrx_word' id='word_1_52' title='bbox 1333 1036 1462 1078; x_wconf 91' lang='lat' dir='ltr'>Anno</span> <span class='ocrx_word' id='word_1_53' title='bbox 1484 1036 1650 1090; x_wconf 89' lang='lat' dir='ltr'>dominj</span> <span class='ocrx_word' id='word_1_54' title='bbox 1676 1035 1912 1078; x_wconf 90' lang='lat' dir='ltr'>millesimo</span> <span class='ocrx_word' id='word_1_55' title='bbox 1941 1036 2298 1091; x_wconf 88' lang='lat' dir='ltr'>quingentesimo</span> 
     </span>
     <span class='ocr_line' id='line_1_9' title="bbox 682 1105 2296 1161; baseline 0.002 -15"><span class='ocrx_word' id='word_1_56' title='bbox 682 1105 836 1159; x_wconf 91' lang='lat' dir='ltr'>quinto</span> <span class='ocrx_word' id='word_1_57' title='bbox 876 1107 927 1147; x_wconf 94' lang='lat' dir='ltr'>In</span> <span class='ocrx_word' id='word_1_58' title='bbox 965 1106 1061 1147; x_wconf 91' lang='lat' dir='ltr'>loco</span> <span class='ocrx_word' id='word_1_59' title='bbox 1103 1105 1337 1160; x_wconf 87' lang='lat' dir='ltr'>capitulari</span> <span class='ocrx_word' id='word_1_60' title='bbox 1380 1106 1510 1148; x_wconf 90' lang='lat' dir='ltr'>solito</span> <span class='ocrx_word' id='word_1_61' title='bbox 1552 1106 1898 1161; x_wconf 89' lang='lat' dir='ltr'>Capellanorum</span> <span class='ocrx_word' id='word_1_62' title='bbox 1940 1113 1983 1149; x_wconf 90' lang='lat' dir='ltr'>et</span> <span class='ocrx_word' id='word_1_63' title='bbox 2025 1107 2296 1150; x_wconf 89' lang='lat' dir='ltr'>confratrum</span> 
     </span>
     <span class='ocr_line' id='line_1_10' title="bbox 498 1175 2297 1231; baseline 0.002 -15"><span class='ocrx_word' id='word_1_64' title='bbox 498 1175 682 1217; x_wconf 80' lang='lat' dir='ltr'>ecclesie</span> <span class='ocrx_word' id='word_1_65' title='bbox 706 1175 973 1229; x_wconf 88' lang='lat' dir='ltr'>parochialis</span> <span class='ocrx_word' id='word_1_66' title='bbox 992 1175 1108 1217; x_wconf 84' lang='lat' dir='ltr'>beati</span> <span class='ocrx_word' id='word_1_67' title='bbox 1133 1175 1338 1230; x_wconf 91' lang='lat' dir='ltr'>Nicholaj</span> <span class='ocrx_word' id='word_1_68' title='bbox 1359 1176 1484 1230; x_wconf 88' lang='lat' dir='ltr'>burgi</span> <span class='ocrx_word' id='word_1_69' title='bbox 1503 1177 1556 1218; x_wconf 91' lang='lat' dir='ltr'>de</span> <span class='ocrx_word' id='word_1_70' title='bbox 1571 1176 1791 1218; x_wconf 88' lang='lat' dir='ltr'>Abirdene</span> <span class='ocrx_word' id='word_1_71' title='bbox 1810 1176 2115 1231; x_wconf 82' lang='lat' dir='ltr'>capitulariter</span> <span class='ocrx_word' id='word_1_72' title='bbox 2132 1179 2297 1220; x_wconf 88' lang='lat' dir='ltr'>aduna-</span> 
     </span>
     <span class='ocr_line' id='line_1_11' title="bbox 497 1245 2298 1302; baseline 0.002 -17"><span class='ocrx_word' id='word_1_73' title='bbox 497 1252 641 1286; x_wconf 90' lang='lat' dir='ltr'>torum</span> <span class='ocrx_word' id='word_1_74' title='bbox 685 1245 1036 1299; x_wconf 90' lang='lat' dir='ltr'>circumspectus</span> <span class='ocrx_word' id='word_1_75' title='bbox 1068 1245 1134 1286; x_wconf 73' lang='lat' dir='ltr'>vir</span> <span class='ocrx_word' id='word_1_76' title='bbox 1170 1246 1393 1287; x_wconf 89' lang='lat' dir='ltr'>Iohannes</span> <span class='ocrx_word' id='word_1_77' title='bbox 1427 1246 1597 1288; x_wconf 88' lang='lat' dir='ltr'>arthuri</span> <span class='ocrx_word' id='word_1_78' title='bbox 1635 1246 1867 1300; x_wconf 89' lang='lat' dir='ltr'>burgensis</span> <span class='ocrx_word' id='word_1_79' title='bbox 1904 1247 2009 1288; x_wconf 90' lang='lat' dir='ltr'>dicti</span> <span class='ocrx_word' id='word_1_80' title='bbox 2047 1247 2172 1302; x_wconf 87' lang='lat' dir='ltr'>burgj</span> <span class='ocrx_word' id='word_1_81' title='bbox 2207 1248 2298 1290; x_wconf 88' lang='lat' dir='ltr'>ani-</span> 
     </span>
     <span class='ocr_line' id='line_1_12' title="bbox 498 1316 2298 1371; baseline 0.002 -15"><span class='ocrx_word' id='word_1_82' title='bbox 498 1317 780 1357; x_wconf 84' lang='lat' dir='ltr'>madvertens</span> <span class='ocrx_word' id='word_1_83' title='bbox 832 1323 873 1357; x_wconf 91' lang='lat' dir='ltr'>et</span> <span class='ocrx_word' id='word_1_84' title='bbox 926 1316 1228 1370; x_wconf 89' lang='lat' dir='ltr'>premeditans</span> <span class='ocrx_word' id='word_1_85' title='bbox 1282 1316 1570 1371; x_wconf 81' lang='lat' dir='ltr'>exiguitatem</span> <span class='ocrx_word' id='word_1_86' title='bbox 1624 1316 1838 1371; x_wconf 90' lang='lat' dir='ltr'>temporis</span> <span class='ocrx_word' id='word_1_87' title='bbox 1889 1317 2108 1371; x_wconf 90' lang='lat' dir='ltr'>presentis</span> <span class='ocrx_word' id='word_1_88' title='bbox 2161 1317 2298 1360; x_wconf 89' lang='lat' dir='ltr'>seculi</span> 
     </span>
     <span class='ocr_line' id='line_1_13' title="bbox 498 1385 2298 1441; baseline 0.001 -15"><span class='ocrx_word' id='word_1_89' title='bbox 498 1385 973 1440; x_wconf 89' lang='lat' dir='ltr'>longanimitatemque</span> <span class='ocrx_word' id='word_1_90' title='bbox 1005 1392 1047 1427; x_wconf 91' lang='lat' dir='ltr'>et</span> <span class='ocrx_word' id='word_1_91' title='bbox 1081 1385 1420 1428; x_wconf 85' lang='lat' dir='ltr'>diuturnitatem</span> <span class='ocrx_word' id='word_1_92' title='bbox 1454 1386 1590 1428; x_wconf 88' lang='lat' dir='ltr'>futuri</span> <span class='ocrx_word' id='word_1_93' title='bbox 1625 1386 1852 1428; x_wconf 88' lang='lat' dir='ltr'>letabundi</span> <span class='ocrx_word' id='word_1_94' title='bbox 1887 1386 2064 1440; x_wconf 89' lang='lat' dir='ltr'>quidem</span> <span class='ocrx_word' id='word_1_95' title='bbox 2106 1385 2193 1428; x_wconf 92' lang='lat' dir='ltr'>hiis</span> <span class='ocrx_word' id='word_1_96' title='bbox 2224 1386 2298 1441; x_wconf 92' lang='lat' dir='ltr'>qui</span> 
     </span>
     <span class='ocr_line' id='line_1_14' title="bbox 498 1455 2298 1510; baseline 0.002 -14"><span class='ocrx_word' id='word_1_97' title='bbox 498 1457 611 1497; x_wconf 90' lang='lat' dir='ltr'>bona</span> <span class='ocrx_word' id='word_1_98' title='bbox 634 1455 677 1496; x_wconf 92' lang='lat' dir='ltr'>in</span> <span class='ocrx_word' id='word_1_99' title='bbox 700 1455 791 1497; x_wconf 92' lang='lat' dir='ltr'>vita</span> <span class='ocrx_word' id='word_1_100' title='bbox 815 1470 894 1497; x_wconf 89' lang='lat' dir='ltr'>sua</span> <span class='ocrx_word' id='word_1_101' title='bbox 916 1462 1100 1509; x_wconf 84' lang='lat' dir='ltr'>egerunt</span> <span class='ocrx_word' id='word_1_102' title='bbox 1124 1462 1166 1497; x_wconf 90' lang='lat' dir='ltr'>et</span> <span class='ocrx_word' id='word_1_103' title='bbox 1189 1455 1308 1510; x_wconf 89' lang='lat' dir='ltr'>pleni</span> <span class='ocrx_word' id='word_1_104' title='bbox 1334 1456 1559 1498; x_wconf 81' lang='lat' dir='ltr'>anxietate</span> <span class='ocrx_word' id='word_1_105' title='bbox 1582 1463 1624 1498; x_wconf 90' lang='lat' dir='ltr'>et</span> <span class='ocrx_word' id='word_1_106' title='bbox 1646 1455 1835 1498; x_wconf 90' lang='lat' dir='ltr'>tristicia</span> <span class='ocrx_word' id='word_1_107' title='bbox 1857 1463 2013 1498; x_wconf 91' lang='lat' dir='ltr'>contra</span> <span class='ocrx_word' id='word_1_108' title='bbox 2032 1455 2298 1500; x_wconf 86' lang='lat' dir='ltr'>facientibus</span> 
     </span>
     <span class='ocr_line' id='line_1_15' title="bbox 203 1525 2297 1582; baseline 0 -12"><span class='ocrx_word' id='word_1_109' title='bbox 203 1539 464 1570; x_wconf 73' lang='lat' dir='ltr'>Notamemorie</span> <span class='ocrx_word' id='word_1_110' title='bbox 497 1525 814 1580; x_wconf 87' lang='lat' dir='ltr'>perpetualiter</span> <span class='ocrx_word' id='word_1_111' title='bbox 845 1525 1045 1567; x_wconf 88' lang='lat' dir='ltr'>duraturi</span> <span class='ocrx_word' id='word_1_112' title='bbox 1072 1526 1240 1567; x_wconf 87' lang='lat' dir='ltr'>Volens</span> <span class='ocrx_word' id='word_1_113' title='bbox 1271 1525 1406 1580; x_wconf 87' lang='lat' dir='ltr'>igitur</span> <span class='ocrx_word' id='word_1_114' title='bbox 1437 1526 1646 1581; x_wconf 88' lang='lat' dir='ltr'>quicquid</span> <span class='ocrx_word' id='word_1_115' title='bbox 1678 1526 1778 1581; x_wconf 92' lang='lat' dir='ltr'>bonj</span> <span class='ocrx_word' id='word_1_116' title='bbox 1815 1526 1859 1568; x_wconf 90' lang='lat' dir='ltr'>in</span> <span class='ocrx_word' id='word_1_117' title='bbox 1894 1526 1961 1568; x_wconf 92' lang='lat' dir='ltr'>sui</span> <span class='ocrx_word' id='word_1_118' title='bbox 1992 1527 2084 1569; x_wconf 90' lang='lat' dir='ltr'>vita</span> <span class='ocrx_word' id='word_1_119' title='bbox 2115 1528 2170 1569; x_wconf 91' lang='lat' dir='ltr'>ad</span> <span class='ocrx_word' id='word_1_120' title='bbox 2202 1541 2297 1582; x_wconf 88' lang='lat' dir='ltr'>per-</span> 
     </span>
     <span class='ocr_line' id='line_1_16' title="bbox 201 1583 2296 1656; baseline 0.001 -20"><span class='ocrx_word' id='word_1_121' title='bbox 201 1583 394 1656; x_wconf 35' lang='lat' dir='ltr'>{ggzniend-</span> <span class='ocrx_word' id='word_1_122' title='bbox 496 1602 676 1648; x_wconf 90' lang='lat' dir='ltr'>petuam</span> <span class='ocrx_word' id='word_1_123' title='bbox 714 1595 775 1636; x_wconf 91' lang='lat' dir='ltr'>rei</span> <span class='ocrx_word' id='word_1_124' title='bbox 813 1594 1075 1637; x_wconf 88' lang='lat' dir='ltr'>memoriam</span> <span class='ocrx_word' id='word_1_125' title='bbox 1110 1602 1152 1636; x_wconf 89' lang='lat' dir='ltr'>et</span> <span class='ocrx_word' id='word_1_126' title='bbox 1190 1597 1246 1637; x_wconf 92' lang='lat' dir='ltr'>ad</span> <span class='ocrx_word' id='word_1_127' title='bbox 1279 1595 1455 1637; x_wconf 89' lang='lat' dir='ltr'>laudem</span> <span class='ocrx_word' id='word_1_128' title='bbox 1493 1602 1536 1637; x_wconf 90' lang='lat' dir='ltr'>et</span> <span class='ocrx_word' id='word_1_129' title='bbox 1573 1595 1759 1650; x_wconf 89' lang='lat' dir='ltr'>gloriam</span> <span class='ocrx_word' id='word_1_130' title='bbox 1798 1595 1867 1638; x_wconf 90' lang='lat' dir='ltr'>dei</span> <span class='ocrx_word' id='word_1_131' title='bbox 1903 1595 2222 1650; x_wconf 88' lang='lat' dir='ltr'>omnipotentis</span> <span class='ocrx_word' id='word_1_132' title='bbox 2253 1603 2296 1638; x_wconf 88' lang='lat' dir='ltr'>et</span> 
     </span>
     <span class='ocr_line' id='line_1_17' title="bbox 495 1664 2297 1724; baseline 0.001 -18"><span class='ocrx_word' id='word_1_133' title='bbox 495 1672 752 1707; x_wconf 89' lang='lat' dir='ltr'>sanctorum</span> <span class='ocrx_word' id='word_1_134' title='bbox 785 1665 949 1706; x_wconf 91' lang='lat' dir='ltr'>ciuium</span> <span class='ocrx_word' id='word_1_135' title='bbox 981 1664 1126 1707; x_wconf 92' lang='lat' dir='ltr'>tocius</span> <span class='ocrx_word' id='word_1_136' title='bbox 1159 1665 1336 1707; x_wconf 86' lang='lat' dir='ltr'>celestis</span> <span class='ocrx_word' id='word_1_137' title='bbox 1368 1665 1487 1707; x_wconf 92' lang='lat' dir='ltr'>curie</span> <span class='ocrx_word' id='word_1_138' title='bbox 1518 1666 1662 1708; x_wconf 84' lang='lat' dir='ltr'>facere</span> <span class='ocrx_word' id='word_1_139' title='bbox 1689 1665 1932 1724; x_wconf 81' lang='lat' dir='ltr'>etpatiare</span> <span class='ocrx_word' id='word_1_140' title='bbox 1964 1680 2040 1708; x_wconf 83' lang='lat' dir='ltr'>sex</span> <span class='ocrx_word' id='word_1_141' title='bbox 2069 1666 2297 1709; x_wconf 89' lang='lat' dir='ltr'>volumina</span> 
     </span>
     <span class='ocr_line' id='line_1_18' title="bbox 495 1734 2296 1790; baseline 0.002 -16"><span class='ocrx_word' id='word_1_142' title='bbox 495 1734 706 1776; x_wconf 91' lang='lat' dir='ltr'>librorum</span> <span class='ocrx_word' id='word_1_143' title='bbox 751 1734 876 1776; x_wconf 92' lang='lat' dir='ltr'>Illius</span> <span class='ocrx_word' id='word_1_144' title='bbox 917 1734 1111 1776; x_wconf 90' lang='lat' dir='ltr'>doctoris</span> <span class='ocrx_word' id='word_1_145' title='bbox 1152 1734 1299 1789; x_wconf 85' lang='lat' dir='ltr'>eximij</span> <span class='ocrx_word' id='word_1_146' title='bbox 1348 1735 1553 1790; x_wconf 90' lang='lat' dir='ltr'>Nicholaj</span> <span class='ocrx_word' id='word_1_147' title='bbox 1598 1736 1652 1777; x_wconf 87' lang='lat' dir='ltr'>de</span> <span class='ocrx_word' id='word_1_148' title='bbox 1692 1735 1787 1790; x_wconf 93' lang='lat' dir='ltr'>lyra</span> <span class='ocrx_word' id='word_1_149' title='bbox 1828 1735 1920 1777; x_wconf 89' lang='lat' dir='ltr'>suis</span> <span class='ocrx_word' id='word_1_150' title='bbox 1961 1735 2213 1790; x_wconf 88' lang='lat' dir='ltr'>sumptibus</span> <span class='ocrx_word' id='word_1_151' title='bbox 2253 1742 2296 1778; x_wconf 89' lang='lat' dir='ltr'>et</span> 
     </span>
     <span class='ocr_line' id='line_1_19' title="bbox 495 1805 2295 1860; baseline 0.001 -14"><span class='ocrx_word' id='word_1_152' title='bbox 495 1805 699 1859; x_wconf 82' lang='lat' dir='ltr'>expensis</span> <span class='ocrx_word' id='word_1_153' title='bbox 741 1812 999 1859; x_wconf 86' lang='lat' dir='ltr'>comparata</span> <span class='ocrx_word' id='word_1_154' title='bbox 1041 1805 1240 1859; x_wconf 87' lang='lat' dir='ltr'>Collegio</span> <span class='ocrx_word' id='word_1_155' title='bbox 1285 1806 1504 1848; x_wconf 89' lang='lat' dir='ltr'>dictorum</span> <span class='ocrx_word' id='word_1_156' title='bbox 1551 1806 1897 1860; x_wconf 87' lang='lat' dir='ltr'>Capellanorum</span> <span class='ocrx_word' id='word_1_157' title='bbox 1939 1812 1981 1848; x_wconf 91' lang='lat' dir='ltr'>et</span> <span class='ocrx_word' id='word_1_158' title='bbox 2023 1806 2295 1850; x_wconf 86' lang='lat' dir='ltr'>confratrum</span> 
     </span>
     <span class='ocr_line' id='line_1_20' title="bbox 495 1874 2295 1931; baseline 0.002 -15"><span class='ocrx_word' id='word_1_159' title='bbox 495 1875 619 1929; x_wconf 89' lang='lat' dir='ltr'>burgj</span> <span class='ocrx_word' id='word_1_160' title='bbox 653 1874 871 1917; x_wconf 88' lang='lat' dir='ltr'>nominati</span> <span class='ocrx_word' id='word_1_161' title='bbox 903 1875 947 1916; x_wconf 93' lang='lat' dir='ltr'>in</span> <span class='ocrx_word' id='word_1_162' title='bbox 980 1875 1099 1918; x_wconf 89' lang='lat' dir='ltr'>dicta</span> <span class='ocrx_word' id='word_1_163' title='bbox 1132 1875 1320 1918; x_wconf 91' lang='lat' dir='ltr'>ecclesia</span> <span class='ocrx_word' id='word_1_164' title='bbox 1354 1875 1650 1918; x_wconf 90' lang='lat' dir='ltr'>seruiencium</span> <span class='ocrx_word' id='word_1_165' title='bbox 1683 1882 1725 1918; x_wconf 87' lang='lat' dir='ltr'>et</span> <span class='ocrx_word' id='word_1_166' title='bbox 1759 1875 2084 1919; x_wconf 89' lang='lat' dir='ltr'>celebrancium</span> <span class='ocrx_word' id='word_1_167' title='bbox 2118 1891 2295 1931; x_wconf 89' lang='lat' dir='ltr'>presen-</span> 
     </span>
     <span class='ocr_line' id='line_1_21' title="bbox 495 1944 2293 2000; baseline 0.002 -15"><span class='ocrx_word' id='word_1_168' title='bbox 495 1944 611 1986; x_wconf 89' lang='lat' dir='ltr'>cium</span> <span class='ocrx_word' id='word_1_169' title='bbox 639 1951 681 1986; x_wconf 91' lang='lat' dir='ltr'>et</span> <span class='ocrx_word' id='word_1_170' title='bbox 706 1944 955 1986; x_wconf 88' lang='lat' dir='ltr'>futurorum</span> <span class='ocrx_word' id='word_1_171' title='bbox 985 1958 1064 1999; x_wconf 93' lang='lat' dir='ltr'>pro</span> <span class='ocrx_word' id='word_1_172' title='bbox 1094 1945 1303 1999; x_wconf 86' lang='lat' dir='ltr'>suffragio</span> <span class='ocrx_word' id='word_1_173' title='bbox 1325 1945 1493 2000; x_wconf 89' lang='lat' dir='ltr'>dimidij</span> <span class='ocrx_word' id='word_1_174' title='bbox 1518 1945 1770 2000; x_wconf 87' lang='lat' dir='ltr'>trigentalis</span> <span class='ocrx_word' id='word_1_175' title='bbox 1792 1945 2029 1988; x_wconf 89' lang='lat' dir='ltr'>missarum</span> <span class='ocrx_word' id='word_1_176' title='bbox 2062 1945 2293 1989; x_wconf 90' lang='lat' dir='ltr'>annuatim</span> 
     </span>
     <span class='ocr_line' id='line_1_22' title="bbox 493 2013 2293 2070; baseline 0.001 -15"><span class='ocrx_word' id='word_1_177' title='bbox 493 2027 570 2067; x_wconf 88' lang='lat' dir='ltr'>per</span> <span class='ocrx_word' id='word_1_178' title='bbox 592 2013 735 2055; x_wconf 89' lang='lat' dir='ltr'>dictos</span> <span class='ocrx_word' id='word_1_179' title='bbox 763 2014 1018 2068; x_wconf 89' lang='lat' dir='ltr'>capellanos</span> <span class='ocrx_word' id='word_1_180' title='bbox 1046 2014 1411 2056; x_wconf 88' lang='lat' dir='ltr'>celebrandarum</span> <span class='ocrx_word' id='word_1_181' title='bbox 1437 2016 1488 2056; x_wconf 93' lang='lat' dir='ltr'>In</span> <span class='ocrx_word' id='word_1_182' title='bbox 1514 2015 1627 2056; x_wconf 87' lang='lat' dir='ltr'>festo</span> <span class='ocrx_word' id='word_1_183' title='bbox 1650 2014 1767 2057; x_wconf 92' lang='lat' dir='ltr'>beati</span> <span class='ocrx_word' id='word_1_184' title='bbox 1790 2015 2081 2057; x_wconf 85' lang='lat' dir='ltr'>bertholomei</span> <span class='ocrx_word' id='word_1_185' title='bbox 2103 2015 2293 2070; x_wconf 90' lang='lat' dir='ltr'>apostoli</span> 
     </span>
     <span class='ocr_line' id='line_1_23' title="bbox 494 2083 2292 2139; baseline 0.001 -15"><span class='ocrx_word' id='word_1_186' title='bbox 494 2097 571 2137; x_wconf 88' lang='lat' dir='ltr'>pro</span> <span class='ocrx_word' id='word_1_187' title='bbox 604 2083 670 2138; x_wconf 90' lang='lat' dir='ltr'>suj</span> <span class='ocrx_word' id='word_1_188' title='bbox 706 2098 870 2138; x_wconf 89' lang='lat' dir='ltr'>sueque</span> <span class='ocrx_word' id='word_1_189' title='bbox 903 2083 1050 2126; x_wconf 88' lang='lat' dir='ltr'>anime</span> <span class='ocrx_word' id='word_1_190' title='bbox 1083 2084 1226 2127; x_wconf 92' lang='lat' dir='ltr'>salute</span> <span class='ocrx_word' id='word_1_191' title='bbox 1259 2084 1378 2127; x_wconf 87' lang='lat' dir='ltr'>dedit</span> <span class='ocrx_word' id='word_1_192' title='bbox 1411 2084 1600 2127; x_wconf 89' lang='lat' dir='ltr'>contulit</span> <span class='ocrx_word' id='word_1_193' title='bbox 1630 2091 1672 2127; x_wconf 86' lang='lat' dir='ltr'>et</span> <span class='ocrx_word' id='word_1_194' title='bbox 1705 2084 1888 2127; x_wconf 91' lang='lat' dir='ltr'>donauit</span> <span class='ocrx_word' id='word_1_195' title='bbox 1920 2099 1998 2139; x_wconf 89' lang='lat' dir='ltr'>pro</span> <span class='ocrx_word' id='word_1_196' title='bbox 2025 2084 2218 2127; x_wconf 88' lang='lat' dir='ltr'>vtilitate</span> <span class='ocrx_word' id='word_1_197' title='bbox 2249 2091 2292 2127; x_wconf 85' lang='lat' dir='ltr'>et</span> 
     </span>
     <span class='ocr_line' id='line_1_24' title="bbox 494 2154 2292 2209; baseline 0.001 -14"><span class='ocrx_word' id='word_1_198' title='bbox 494 2155 727 2196; x_wconf 91' lang='lat' dir='ltr'>commodo</span> <span class='ocrx_word' id='word_1_199' title='bbox 754 2154 972 2196; x_wconf 92' lang='lat' dir='ltr'>dictorum</span> <span class='ocrx_word' id='word_1_200' title='bbox 1003 2155 1335 2209; x_wconf 90' lang='lat' dir='ltr'>capellanorum</span> <span class='ocrx_word' id='word_1_201' title='bbox 1359 2161 1401 2197; x_wconf 90' lang='lat' dir='ltr'>et</span> <span class='ocrx_word' id='word_1_202' title='bbox 1425 2155 1698 2197; x_wconf 85' lang='lat' dir='ltr'>confratrum</span> <span class='ocrx_word' id='word_1_203' title='bbox 1725 2154 1769 2196; x_wconf 93' lang='lat' dir='ltr'>in</span> <span class='ocrx_word' id='word_1_204' title='bbox 1799 2154 2003 2197; x_wconf 90' lang='lat' dir='ltr'>scienciis</span> <span class='ocrx_word' id='word_1_205' title='bbox 2025 2161 2068 2197; x_wconf 92' lang='lat' dir='ltr'>et</span> <span class='ocrx_word' id='word_1_206' title='bbox 2097 2161 2292 2197; x_wconf 91' lang='lat' dir='ltr'>contem-</span> 
     </span>
     <span class='ocr_line' id='line_1_25' title="bbox 493 2223 2290 2279; baseline 0.001 -14"><span class='ocrx_word' id='word_1_207' title='bbox 493 2224 770 2277; x_wconf 90' lang='lat' dir='ltr'>placionibus</span> <span class='ocrx_word' id='word_1_208' title='bbox 793 2224 930 2266; x_wconf 90' lang='lat' dir='ltr'>cicius</span> <span class='ocrx_word' id='word_1_209' title='bbox 946 2224 1286 2267; x_wconf 90' lang='lat' dir='ltr'>imbuendorum</span> <span class='ocrx_word' id='word_1_210' title='bbox 1311 2226 1370 2267; x_wconf 80' lang='lat' dir='ltr'>Et</span> <span class='ocrx_word' id='word_1_211' title='bbox 1389 2226 1444 2268; x_wconf 93' lang='lat' dir='ltr'>ad</span> <span class='ocrx_word' id='word_1_212' title='bbox 1467 2225 1573 2267; x_wconf 85' lang='lat' dir='ltr'>dicti</span> <span class='ocrx_word' id='word_1_213' title='bbox 1591 2224 1842 2279; x_wconf 90' lang='lat' dir='ltr'>trigentalis</span> <span class='ocrx_word' id='word_1_214' title='bbox 1859 2223 2026 2278; x_wconf 90' lang='lat' dir='ltr'>dimidij</span> <span class='ocrx_word' id='word_1_215' title='bbox 2053 2223 2290 2266; x_wconf 84' lang='lat' dir='ltr'>missarum</span> 
     </span>
     <span class='ocr_line' id='line_1_26' title="bbox 492 2293 2291 2350; baseline 0.001 -15"><span class='ocrx_word' id='word_1_216' title='bbox 492 2293 841 2336; x_wconf 91' lang='lat' dir='ltr'>celebracionem</span> <span class='ocrx_word' id='word_1_217' title='bbox 880 2301 1049 2337; x_wconf 89' lang='lat' dir='ltr'>statuto</span> <span class='ocrx_word' id='word_1_218' title='bbox 1083 2302 1284 2350; x_wconf 88' lang='lat' dir='ltr'>tempore</span> <span class='ocrx_word' id='word_1_219' title='bbox 1319 2309 1397 2350; x_wconf 90' lang='lat' dir='ltr'>per</span> <span class='ocrx_word' id='word_1_220' title='bbox 1437 2295 1632 2350; x_wconf 88' lang='lat' dir='ltr'>prefatos</span> <span class='ocrx_word' id='word_1_221' title='bbox 1673 2294 1928 2349; x_wconf 91' lang='lat' dir='ltr'>capellanos</span> <span class='ocrx_word' id='word_1_222' title='bbox 1963 2293 2026 2335; x_wconf 88' lang='lat' dir='ltr'>sic</span> <span class='ocrx_word' id='word_1_223' title='bbox 2059 2293 2291 2336; x_wconf 89' lang='lat' dir='ltr'>annuatim</span> 
     </span>
     <span class='ocr_line' id='line_1_27' title="bbox 491 2363 2292 2420; baseline 0.001 -15"><span class='ocrx_word' id='word_1_224' title='bbox 491 2372 533 2406; x_wconf 90' lang='lat' dir='ltr'>et</span> <span class='ocrx_word' id='word_1_225' title='bbox 563 2378 642 2418; x_wconf 93' lang='lat' dir='ltr'>pro</span> <span class='ocrx_word' id='word_1_226' title='bbox 670 2371 884 2419; x_wconf 90' lang='lat' dir='ltr'>perpetuo</span> <span class='ocrx_word' id='word_1_227' title='bbox 906 2365 1151 2408; x_wconf 89' lang='lat' dir='ltr'>fiendarum</span> <span class='ocrx_word' id='word_1_228' title='bbox 1179 2380 1258 2420; x_wconf 92' lang='lat' dir='ltr'>pro</span> <span class='ocrx_word' id='word_1_229' title='bbox 1284 2365 1517 2420; x_wconf 90' lang='lat' dir='ltr'>prescripti</span> <span class='ocrx_word' id='word_1_230' title='bbox 1545 2364 1760 2407; x_wconf 88' lang='lat' dir='ltr'>Iohannis</span> <span class='ocrx_word' id='word_1_231' title='bbox 1785 2363 1956 2407; x_wconf 89' lang='lat' dir='ltr'>arthuri</span> <span class='ocrx_word' id='word_1_232' title='bbox 1983 2363 2292 2406; x_wconf 89' lang='lat' dir='ltr'>incolumitate</span> 
     </span>
     <span class='ocr_line' id='line_1_28' title="bbox 491 2433 2291 2490; baseline 0 -15"><span class='ocrx_word' id='word_1_233' title='bbox 491 2441 533 2476; x_wconf 92' lang='lat' dir='ltr'>et</span> <span class='ocrx_word' id='word_1_234' title='bbox 557 2448 635 2476; x_wconf 90' lang='lat' dir='ltr'>sue</span> <span class='ocrx_word' id='word_1_235' title='bbox 660 2434 808 2476; x_wconf 90' lang='lat' dir='ltr'>anime</span> <span class='ocrx_word' id='word_1_236' title='bbox 834 2435 978 2477; x_wconf 92' lang='lat' dir='ltr'>salute</span> <span class='ocrx_word' id='word_1_237' title='bbox 1006 2436 1175 2478; x_wconf 91' lang='lat' dir='ltr'>Omnes</span> <span class='ocrx_word' id='word_1_238' title='bbox 1201 2435 1419 2490; x_wconf 87' lang='lat' dir='ltr'>capellani</span> <span class='ocrx_word' id='word_1_239' title='bbox 1442 2435 1515 2490; x_wconf 90' lang='lat' dir='ltr'>quj</span> <span class='ocrx_word' id='word_1_240' title='bbox 1541 2449 1620 2490; x_wconf 89' lang='lat' dir='ltr'>pro</span> <span class='ocrx_word' id='word_1_241' title='bbox 1641 2441 1842 2489; x_wconf 88' lang='lat' dir='ltr'>tempore</span> <span class='ocrx_word' id='word_1_242' title='bbox 1868 2433 2112 2476; x_wconf 87' lang='lat' dir='ltr'>intererant</span> <span class='ocrx_word' id='word_1_243' title='bbox 2141 2447 2291 2476; x_wconf 88' lang='lat' dir='ltr'>assen-</span> 
     </span>
     <span class='ocr_line' id='line_1_29' title="bbox 491 2503 2290 2559; baseline 0.001 -14"><span class='ocrx_word' id='word_1_244' title='bbox 491 2504 662 2546; x_wconf 91' lang='lat' dir='ltr'>cierunt</span> <span class='ocrx_word' id='word_1_245' title='bbox 686 2519 737 2546; x_wconf 91' lang='lat' dir='ltr'>ac</span> <span class='ocrx_word' id='word_1_246' title='bbox 759 2519 837 2559; x_wconf 90' lang='lat' dir='ltr'>pro</span> <span class='ocrx_word' id='word_1_247' title='bbox 860 2520 906 2547; x_wconf 92' lang='lat' dir='ltr'>se</span> <span class='ocrx_word' id='word_1_248' title='bbox 928 2512 970 2547; x_wconf 88' lang='lat' dir='ltr'>et</span> <span class='ocrx_word' id='word_1_249' title='bbox 994 2505 1086 2547; x_wconf 93' lang='lat' dir='ltr'>suis</span> <span class='ocrx_word' id='word_1_250' title='bbox 1113 2506 1443 2548; x_wconf 89' lang='lat' dir='ltr'>successoribus</span> <span class='ocrx_word' id='word_1_251' title='bbox 1475 2505 1591 2548; x_wconf 88' lang='lat' dir='ltr'>dicte</span> <span class='ocrx_word' id='word_1_252' title='bbox 1623 2503 1809 2547; x_wconf 89' lang='lat' dir='ltr'>ecclesie</span> <span class='ocrx_word' id='word_1_253' title='bbox 1837 2503 2082 2558; x_wconf 89' lang='lat' dir='ltr'>capellanie</span> <span class='ocrx_word' id='word_1_254' title='bbox 2113 2503 2290 2546; x_wconf 89' lang='lat' dir='ltr'>nemine</span> 
     </span>
     <span class='ocr_line' id='line_1_30' title="bbox 491 2573 2290 2628; baseline 0.001 -13"><span class='ocrx_word' id='word_1_255' title='bbox 491 2575 534 2615; x_wconf 91' lang='lat' dir='ltr'>in</span> <span class='ocrx_word' id='word_1_256' title='bbox 569 2575 839 2617; x_wconf 90' lang='lat' dir='ltr'>contrarium</span> <span class='ocrx_word' id='word_1_257' title='bbox 875 2575 1208 2618; x_wconf 88' lang='lat' dir='ltr'>contradicente</span> <span class='ocrx_word' id='word_1_258' title='bbox 1242 2576 1442 2618; x_wconf 88' lang='lat' dir='ltr'>hilariter</span> <span class='ocrx_word' id='word_1_259' title='bbox 1474 2581 1725 2618; x_wconf 90' lang='lat' dir='ltr'>annuerunt</span> <span class='ocrx_word' id='word_1_260' title='bbox 1762 2575 1814 2616; x_wconf 93' lang='lat' dir='ltr'>In</span> <span class='ocrx_word' id='word_1_261' title='bbox 1847 2573 2078 2628; x_wconf 90' lang='lat' dir='ltr'>presencia</span> <span class='ocrx_word' id='word_1_262' title='bbox 2110 2587 2290 2616; x_wconf 88' lang='lat' dir='ltr'>venera-</span> 
     </span>
     <span class='ocr_line' id='line_1_31' title="bbox 491 2642 2290 2701; baseline -0.001 -15"><span class='ocrx_word' id='word_1_263' title='bbox 491 2645 645 2687; x_wconf 92' lang='lat' dir='ltr'>bilium</span> <span class='ocrx_word' id='word_1_264' title='bbox 685 2645 880 2688; x_wconf 88' lang='lat' dir='ltr'>virorum</span> <span class='ocrx_word' id='word_1_265' title='bbox 932 2645 1248 2701; x_wconf 88' lang='lat' dir='ltr'>magistrorum</span> <span class='ocrx_word' id='word_1_266' title='bbox 1290 2645 1481 2689; x_wconf 91' lang='lat' dir='ltr'>Walteri</span> <span class='ocrx_word' id='word_1_267' title='bbox 1522 2645 1667 2688; x_wconf 83' lang='lat' dir='ltr'>sorbes</span> <span class='ocrx_word' id='word_1_268' title='bbox 1719 2643 1920 2686; x_wconf 91' lang='lat' dir='ltr'>canonici</span> <span class='ocrx_word' id='word_1_269' title='bbox 1971 2642 2290 2685; x_wconf 90' lang='lat' dir='ltr'>dunblanensis</span> 
     </span>
     <span class='ocr_line' id='line_1_32' title="bbox 490 2711 2286 2770; baseline -0.002 -13"><span class='ocrx_word' id='word_1_270' title='bbox 490 2715 682 2757; x_wconf 91' lang='lat' dir='ltr'>duncani</span> <span class='ocrx_word' id='word_1_271' title='bbox 717 2717 769 2757; x_wconf 93' lang='lat' dir='ltr'>de</span> <span class='ocrx_word' id='word_1_272' title='bbox 807 2730 984 2758; x_wconf 90' lang='lat' dir='ltr'>camera</span> <span class='ocrx_word' id='word_1_273' title='bbox 1023 2716 1226 2758; x_wconf 90' lang='lat' dir='ltr'>Rectoris</span> <span class='ocrx_word' id='word_1_274' title='bbox 1263 2717 1315 2758; x_wconf 92' lang='lat' dir='ltr'>de</span> <span class='ocrx_word' id='word_1_275' title='bbox 1355 2716 1481 2770; x_wconf 87' lang='lat' dir='ltr'>furvy</span> <span class='ocrx_word' id='word_1_276' title='bbox 1513 2721 1556 2757; x_wconf 90' lang='lat' dir='ltr'>et</span> <span class='ocrx_word' id='word_1_277' title='bbox 1600 2714 1814 2757; x_wconf 90' lang='lat' dir='ltr'>Iohannis</span> <span class='ocrx_word' id='word_1_278' title='bbox 1850 2712 2099 2767; x_wconf 90' lang='lat' dir='ltr'>baidenagh</span> <span class='ocrx_word' id='word_1_279' title='bbox 2135 2711 2286 2766; x_wconf 88' lang='lat' dir='ltr'>vicarij</span> 
     </span>
     <span class='ocr_line' id='line_1_33' title="bbox 491 2784 2144 2840; baseline 0 -15"><span class='ocrx_word' id='word_1_280' title='bbox 491 2784 543 2825; x_wconf 91' lang='lat' dir='ltr'>de</span> <span class='ocrx_word' id='word_1_281' title='bbox 575 2798 757 2839; x_wconf 89' lang='lat' dir='ltr'>gamery</span> <span class='ocrx_word' id='word_1_282' title='bbox 785 2798 836 2826; x_wconf 90' lang='lat' dir='ltr'>ac</span> <span class='ocrx_word' id='word_1_283' title='bbox 869 2784 1028 2840; x_wconf 89' lang='lat' dir='ltr'>notarij</span> <span class='ocrx_word' id='word_1_284' title='bbox 1060 2785 1224 2840; x_wconf 90' lang='lat' dir='ltr'>publici</span> <span class='ocrx_word' id='word_1_285' title='bbox 1257 2785 1301 2827; x_wconf 93' lang='lat' dir='ltr'>in</span> <span class='ocrx_word' id='word_1_286' title='bbox 1333 2791 1472 2828; x_wconf 89' lang='lat' dir='ltr'>testes</span> <span class='ocrx_word' id='word_1_287' title='bbox 1499 2791 1758 2827; x_wconf 86' lang='lat' dir='ltr'>vocatorum</span> <span class='ocrx_word' id='word_1_288' title='bbox 1791 2790 1833 2825; x_wconf 91' lang='lat' dir='ltr'>et</span> <span class='ocrx_word' id='word_1_289' title='bbox 1868 2785 2144 2839; x_wconf 87' lang='lat' dir='ltr'>Rogatorum</span> 
     </span>
    </p>
   </div>
  </div>
 </body>
</html>
