2524 3418
789 301 1002 343 Fundatio
1033 300 1226 356 magistri
1255 300 1405 342 roberti
1436 299 1604 341 Schand
2023 314 2104 355 247

299 417 536 460 merediem
575 418 656 459 sub
693 431 810 458 anno
847 416 916 458 die
951 430 1103 457 mense
1141 422 1183 457 et
1226 415 1489 470 pontificatu
1526 414 1687 468 quibus
1723 429 1856 469 supra
1890 415 2104 469 presenti-

299 489 381 529 bus
434 487 604 533 Ibidem
655 486 855 528 Iohanne
899 487 1087 528 brabner
1133 485 1325 527 dominis
1370 485 1570 526 Iohanne
1612 485 1805 539 Wrycht
1849 492 1892 527 et
1935 487 2104 528 valtero

299 558 410 600 blair
441 557 685 611 capellanis
722 571 821 598 curn
860 556 1048 598 diuersis
1085 556 1184 598 aliis
1216 555 1406 597 testibus
1443 556 1498 597 ad
1536 554 1753 610 premissa
1789 555 1961 597 vocatis
1993 555 2105 609 pari-

299 634 453 682 terque
478 627 667 682 Rogatis

474 758 533 798 Et
567 757 665 810 Ego
698 755 831 797 dauid
863 753 1096 796 nicholson
1134 753 1296 795 artium
1332 753 1552 806 professor
1588 752 1820 806 scribaque
1854 751 2106 794 communis

473 824 791 868 aberdonensis
823 830 865 865 et
899 823 1096 865 eiusdem
1121 822 1349 864 dioceseos
1372 836 1499 864 sacra
1522 821 1662 864 eciam
1686 821 1932 876 apostolica
1955 828 2104 863 aucto-

472 895 603 937 ritate
635 894 835 935 notarius
867 892 1071 947 publicus
1105 892 1208 946 quia
1240 891 1470 946 premissis
1493 891 1700 935 omnibus
1722 898 1765 933 et
1789 891 1976 946 singulis
1999 893 2104 933 dum

473 965 535 1006 sic
568 971 615 1006 ut
648 963 920 1018 premittitur
952 963 1214 1004 decerentur
1246 967 1288 1003 et
1321 962 1476 1003 fierent
1508 976 1595 1003 vna
1618 976 1718 1002 cum
1749 961 1997 1015 prenotatis
2019 967 2105 1003 tes-

471 1034 590 1075 tibus
622 1032 800 1074 interfui
833 1046 971 1085 eaque
1004 1031 1154 1072 omnia
1186 1037 1229 1072 et
1263 1030 1439 1084 singula
1462 1029 1524 1072 sic
1557 1030 1650 1071 fieri
1681 1030 1769 1072 vidi
1803 1037 1844 1072 et
1878 1030 2028 1072 audiui
2062 1036 2104 1072 et

471 1103 515 1144 in
557 1109 710 1144 notam
753 1101 849 1156 cepi
892 1116 944 1142 ex
986 1100 1146 1155 quibus
1188 1100 1271 1141 hoc
1313 1099 1541 1153 publicum
1577 1099 1926 1141 instrumentum
1959 1099 2105 1142 aliena

471 1186 606 1214 manu
639 1171 828 1213 fideliter
860 1170 1074 1224 scriptum
1108 1169 1404 1223 chirographo
1442 1168 1614 1223 signauj
1655 1176 1698 1210 et
1736 1169 1978 1223 subscripsi
2018 1170 2104 1211 Ro-

469 1248 601 1296 gatus
624 1248 667 1283 et
689 1240 929 1295 requisitus
951 1240 995 1281 in
1018 1240 1151 1281 fidem
1175 1246 1217 1281 et
1235 1238 1544 1281 testimonium
1568 1238 1767 1281 omnium
1786 1239 2103 1294 premissorum

365 888 408 1161 uqumfiosiqg)

1132 1426 1274 1469 CXX.

425 1533 673 1574 MNIBUS
707 1531 824 1572 hanc
861 1531 1046 1573 Cartam
1083 1528 1244 1571 visuris
1280 1528 1349 1570 vel
1386 1526 1617 1570 Audituris
1653 1526 1869 1580 magister
1904 1527 2105 1568 robertus

443 1602 623 1644 Schand
642 1608 786 1643 rector
804 1599 989 1642 ecclesie
1008 1598 1300 1654 parrochialis
1318 1599 1370 1640 de
1391 1597 1535 1639 alnais
1554 1612 1605 1639 ac
1623 1596 1869 1638 canonicus
1887 1596 2107 1637 rossensis

295 1680 495 1715 eternam
530 1672 574 1713 in
613 1671 792 1713 domino
831 1670 1022 1712 salutem
1062 1668 1364 1710 Premeditato
1399 1668 1516 1722 quod
1553 1681 1708 1708 omnes
1746 1665 1966 1707 stabimus
2002 1672 2106 1708 ante

295 1743 490 1785 tribunal
528 1741 695 1795 dominj
736 1740 875 1782 nostri
916 1740 1051 1781 Ihesu
1089 1738 1244 1780 christi
1281 1744 1410 1792 prout
1448 1737 1492 1778 in
1530 1751 1711 1791 corpore
1753 1735 1976 1790 gessimus
2012 1736 2105 1778 siue

296 1814 461 1856 bonum
504 1812 597 1854 siue
633 1812 800 1853 malum
833 1809 1050 1864 recepturj
1087 1810 1264 1851 Bonum
1302 1814 1369 1850 est
1404 1792 1547 1862 Igitur
1577 1807 1693 1849 diem
1725 1806 1912 1848 extremi
1947 1806 2103 1861 Iudicij

296 1881 504 1936 operibus
537 1879 836 1923 misericordie
870 1878 1099 1934 preuenire
1124 1878 1197 1920 Sic
1221 1878 1337 1932 quod
1360 1877 1561 1931 dispersa
1583 1882 1625 1918 et
1649 1875 1870 1918 seminata
1902 1875 1945 1918 in
1977 1876 2106 1918 terris

296 1951 532 2006 multiplici
563 1951 710 1992 fructu
743 1949 950 2004 colligere
978 1949 1209 1990 valeamus
1232 1947 1276 1989 in
1309 1947 1416 1989 celis
1439 1948 1553 1990 Cum
1577 1945 1713 1988 etiam
1740 1960 1817 2000 per
1838 1945 1934 2000 pias
1956 1947 2106 2001 depre-

295 2021 495 2063 cationes
536 2027 579 2063 et
622 2020 861 2062 missarum
904 2018 1115 2072 suffragia
1154 2017 1227 2059 vbi
1269 2017 1388 2059 filius
1428 2030 1506 2071 pro
1548 2015 1745 2070 peccatis
1786 2015 1951 2057 nostris
1991 2015 2106 2070 patri

294 2091 475 2133 offertur
517 2090 738 2133 credimus
780 2095 967 2144 peccata
1017 2087 1181 2130 dimitti
1234 2086 1478 2142 purgatorij
1533 2100 1670 2141 penas
1722 2085 1923 2128 demoliri
1965 2092 2007 2127 et
2051 2086 2106 2128 ab

293 2160 461 2202 eisdem
514 2160 825 2202 defunctorum
864 2158 1039 2201 animas
1079 2158 1332 2212 frequenter
1382 2156 1558 2198 liberari
1600 2162 1642 2197 et
1684 2155 1879 2210 paradisi
1930 2155 2106 2210 gaudijs

294 2230 505 2273 collocari
549 2229 781 2272 Noueritis
818 2244 888 2271 me
926 2229 995 2270 his
1032 2228 1182 2271 animo
1216 2227 1432 2270 reuolutis
1469 2233 1511 2269 et
1549 2226 1784 2281 diligenter
1816 2226 2016 2281 pensatis
2051 2227 2104 2268 In

292 2300 507 2342 honorem
549 2299 704 2342 christi
747 2299 1097 2354 cunctipotentis
1138 2298 1317 2353 deipare
1353 2297 1537 2352 virginis
1580 2297 1842 2339 Intimerate
1883 2312 1934 2339 ac
1977 2297 2105 2340 beate

292 2383 408 2412 anne
459 2368 748 2423 omniumque
800 2374 1057 2410 sanctorum
1105 2367 1258 2410 celesti
1304 2367 1419 2421 cetuj
1456 2366 1780 2409 associatorum
1831 2380 1909 2420 pro
1960 2366 2104 2408 salute

292 2439 440 2481 anime
477 2454 574 2481 mee
605 2454 657 2481 ac
690 2439 941 2481 animarum
979 2437 1160 2480 donaldi
1193 2437 1363 2479 schand
1386 2436 1526 2491 patris
1559 2436 1643 2490 mej
1680 2442 1929 2490 margarete
1959 2436 2104 2479 sorbes

292 2508 448 2551 matris
484 2523 581 2550 mee
618 2509 819 2563 magistri
862 2510 1024 2551 andree
1062 2509 1234 2550 forman
1276 2507 1382 2549 olim
1425 2506 1735 2549 sanctiandree
1766 2505 2100 2560 Archiepiscopj

291 2575 426 2630 legati
453 2576 546 2618 nati
570 2591 622 2618 ac
645 2591 747 2619 cum
780 2583 1004 2632 potestate
1037 2583 1080 2618 et
1112 2576 1327 2618 facultate
1360 2576 1413 2617 de
1446 2575 1584 2617 latere
1616 2574 1752 2629 legati
1774 2574 1978 2616 Aeetiam
2010 2575 2102 2616 ani-

291 2659 466 2687 marum
508 2646 720 2700 prepositi
761 2646 1028 2688 balliuorum
1061 2652 1105 2687 et
1149 2644 1487 2687 communitatis
1523 2643 1649 2698 burgi
1691 2644 1744 2685 de
1785 2644 2004 2685 aberdene
2048 2643 2102 2694 (si

292 2715 556 2758 subinsertis
597 2715 914 2771 perimplendis
955 2716 1190 2771 diligenter
1231 2714 1504 2757 aduerterint
1537 2720 1580 2756 et
1621 2713 1848 2756 obseruari
1897 2713 2098 2764 fecerint)

292 2786 479 2828 Necnon
516 2785 716 2828 omnium
749 2786 1081 2829 benefactorum
1114 2799 1314 2827 meorum
1344 2798 1396 2826 ac
1430 2783 1614 2826 Illorum
1647 2782 1847 2825 omnium
1882 2797 1908 2825 a
1940 2782 2100 2837 quibus

291 2854 439 2909 aliqua
462 2855 578 2897 bona
600 2854 748 2897 minus
772 2856 896 2897 Iuste
918 2855 1052 2910 habuj
1079 2855 1139 2896 Et
1157 2853 1358 2896 omnium
1376 2852 1574 2895 fidelium
1593 2853 1902 2895 defunctorum
1925 2852 2099 2895 dedisse

291 2923 568 2966 concessisse
596 2924 865 2966 deliberasse
887 2931 931 2967 et
953 2924 1038 2967 hac
1068 2930 1277 2979 ‘presente
1310 2929 1433 2966 carta
1465 2937 1564 2966 mea
1596 2923 1885 2965 confirmasse
1907 2922 2099 2965 Tenore-

2135 1535 2192 1568 fol.
2211 1537 2250 1568 99
2262 1535 2273 1555 ¹

2136 1613 2290 1645 fundatio

2137 1657 2289 1697 magistri

2136 1700 2259 1732 roberti

2139 1743 2276 1776 Schand
