2524 3418
243 728 299 762 sol.
319 728 360 761 2²

539 259 564 300 6
941 258 964 299 I
969 262 1260 300 »estrumentum
1294 258 1458 300 Saisine
1492 258 1713 299 Terrarum
1745 257 1791 300 de
1823 259 1941 302 Crois

540 372 747 415 baculum
791 387 842 415 ac
879 387 983 415 suos
1024 379 1331 428 procuratores
1372 374 1427 414 ad
1470 373 1552 414 hoc
1595 372 1811 427 legittime
1854 373 2123 416 constitutos
2165 388 2340 418 sursum

539 443 726 485 reddidit
760 457 954 497 pureque
987 442 1248 496 simpliciter
1278 441 1521 496 resignauit
1545 443 1608 483 Ac
1640 449 1783 484 totum
1820 443 1895 484 Ius
1927 449 1969 484 et
2001 443 2221 485 clameum
2256 458 2341 498 que

540 512 582 553 in
621 512 751 555 dictis
787 512 915 554 terris
951 527 1051 555 cum
1095 511 1379 566 pertinenciis
1416 511 1571 553 habuit
1609 526 1686 554 seu
1724 512 1884 554 habere
1921 512 2064 567 potuit
2101 527 2179 567 pro
2215 527 2262 555 se
2297 519 2340 555 et

540 581 775 624 heredibus
816 581 908 623 suis
949 581 1130 623 omnino
1171 580 1364 635 quittum
1407 581 1618 623 clamavit
1662 582 1995 636 Imperpetuum
2028 582 2267 624 Tenendas
2297 588 2341 624 et

539 650 768 692 habendas
807 650 952 692 dictas
992 657 1132 692 terras
1168 651 1221 692 de
1257 651 1442 705 Crwuys
1482 664 1582 692 cum
1625 650 1905 704 pertinentiis
1945 650 2077 693 dictis
2117 650 2342 706 preposito

539 720 715 762 balliuis
751 721 1008 763 consulibus
1040 727 1082 762 et
1116 720 1428 762 communitati
1466 719 1591 775 burgi
1624 721 1677 763 de
1709 722 1939 764 Aberdene
1975 728 2018 763 et
2055 735 2206 764 eorum
2244 735 2341 764 suc-

536 790 786 832 cessoribus
806 790 1042 845 prepositis
1067 790 1324 832 consulibus
1345 797 1388 832 et
1411 790 1723 833 communitati
1746 791 1943 834 eiusdem
1966 791 2092 846 burgi
2115 790 2341 847 perpetuis

534 859 694 901 futuris
723 860 997 914 temporibus
1023 861 1076 902 de
1103 860 1231 902 nobis
1259 860 1496 904 heredibus
1521 867 1564 903 et
1591 861 1923 904 successoribus
1951 860 2116 904 nostris
2142 860 2186 903 in
2211 861 2341 904 feodo

532 936 575 970 et
613 929 859 972 hereditate
893 929 1220 985 imperpetuum
1258 944 1336 985 per
1368 944 1524 973 omnes
1560 937 1706 974 rectas
1739 937 1884 974 metas
1917 945 2023 974 suas
2055 930 2265 986 antiquas
2297 937 2340 974 et

531 998 699 1042 diuisas
720 1006 849 1055 prout
872 999 1018 1043 iacent
1041 1000 1085 1042 in
1108 1000 1385 1056 longitudine
1407 1008 1449 1044 et
1473 1000 1707 1044 latitudine
1730 1003 1844 1045 Cum
1868 1001 2074 1045 omnibus
2091 1008 2134 1045 et
2152 1001 2340 1058 singulis

531 1067 809 1112 libertatibus
837 1069 1231 1112 commoditatibus
1259 1076 1301 1112 et
1325 1069 1587 1113 asiamentis
1613 1085 1663 1113 ac
1691 1071 1828 1113 Iustis
1857 1071 2136 1126 pertinentiis
2161 1070 2339 1126 quibus-

530 1152 704 1193 cunque
748 1147 840 1182 tam
884 1153 973 1182 non
1014 1139 1258 1182 nominatis
1303 1155 1437 1195 quam
1483 1140 1726 1183 nominatis
1767 1142 1822 1184 ad
1863 1141 2006 1184 dictas
2049 1148 2191 1184 terras
2235 1155 2338 1184 cum

530 1210 808 1263 pertinentiis
844 1210 1152 1265 spectantibus
1188 1225 1265 1253 seu
1303 1210 1596 1265 quouismodo
1634 1213 1756 1253 Iuste
1788 1218 1989 1266 spectare
2014 1211 2266 1254 valentibus
2294 1210 2339 1253 in

529 1279 726 1322 futurum
763 1281 822 1322 Et
856 1281 967 1323 adeo
1004 1280 1138 1323 libere
1174 1280 1321 1335 quiete
1358 1280 1554 1335 plenarie
1588 1280 1758 1336 integre
1794 1281 2035 1324 honorifice
2068 1282 2179 1324 bene
2215 1286 2258 1323 et
2293 1279 2338 1322 in

529 1364 638 1404 pace
666 1350 711 1392 in
740 1351 948 1394 omnibus
973 1358 1015 1394 et
1042 1366 1118 1406 per
1143 1351 1293 1394 omnia
1323 1351 1437 1394 sicut
1466 1351 1612 1394 dictus
1646 1352 1871 1394 Iohannes
1899 1359 1977 1394 aut
2006 1352 2340 1407 predecessores

529 1420 596 1462 sui
618 1414 841 1476 predictas
862 1429 1004 1464 terras
1026 1436 1127 1464 cum
1151 1421 1431 1477 pertinentiis
1449 1423 1502 1465 de
1519 1421 1647 1465 nobis
1669 1429 1746 1464 aut
1769 1421 2153 1477 predecessoribus
2174 1419 2339 1464 nostris

529 1497 634 1532 ante
655 1490 820 1533 dictam
843 1491 1189 1547 resignationem
1213 1491 1340 1534 nobis
1368 1491 1469 1534 inde
1486 1491 1652 1534 factam
1675 1491 1856 1535 liberius
1876 1492 2020 1535 tenuit
2043 1507 2120 1534 seu
2142 1489 2338 1547 possedit

529 1567 767 1603 tenuerunt
808 1575 885 1603 seu
927 1562 1218 1616 possederunt
1263 1561 1521 1604 Reservatis
1562 1561 1689 1604 nobis
1722 1567 1765 1604 et
1803 1561 2134 1605 successoribus
2174 1559 2339 1604 nostris

531 1631 730 1674 seruiciis
776 1631 983 1675 oneribus
1022 1632 1290 1675 vtilitatibus
1336 1639 1378 1675 et
1425 1631 1739 1674 emolumentis
1785 1633 1839 1675 de
1884 1631 2015 1674 dictis
2059 1630 2189 1674 terris
2233 1636 2338 1673 ante

531 1701 697 1744 dictam
741 1702 1086 1758 resignationem
1131 1702 1291 1745 debitis
1323 1709 1365 1745 et
1398 1702 1624 1745 consuetis
1658 1704 1709 1745 In
1744 1701 1871 1745 cuius
1908 1701 1990 1744 Rei
2027 1698 2336 1744 testimonium

531 1772 725 1826 presenti
763 1781 883 1816 carte
923 1781 1072 1816 nostre
1115 1787 1328 1829 magnum
1370 1772 1566 1828 sigillum
1608 1779 1810 1815 nostrum
1853 1771 2015 1827 apponi
2057 1769 2338 1826 precepimus

530 1841 743 1886 Testibus
778 1844 1054 1887 Reuerendis
1085 1843 1129 1886 in
1162 1843 1343 1887 Christo
1374 1843 1576 1898 patribus
1608 1844 1785 1886 Andrea
1818 1841 2044 1898 Episcopo
2081 1837 2337 1896 glasguensi

530 1911 686 1954 thoma
735 1913 944 1968 episcopo
992 1913 1284 1956 aberdonensi
1333 1912 1508 1955 dilectis
1555 1911 1900 1968 consanguineis
1950 1909 2115 1954 nostris
2159 1910 2337 1952 Andrea

531 1980 711 2023 domino
754 1983 972 2025 avandale
1015 1982 1281 2025 cancellario
1322 1989 1474 2024 nostro
1511 1982 1657 2025 colino
1693 1981 1857 2024 comite
1890 1981 1943 2023 de
1979 1979 2113 2035 ergile
2155 1978 2336 2022 domino

530 2050 703 2093 cambel
750 2051 964 2107 magistro
1009 2051 1198 2107 hospicii
1246 2052 1386 2094 nostri
1427 2051 1616 2107 gilberto
1662 2050 1842 2094 domino
1888 2050 2093 2104 kennedy
2134 2048 2335 2091 Iohanne

530 2119 710 2163 domino
739 2122 889 2164 dernle
919 2123 1157 2165 alexandro
1193 2122 1322 2165 boide
1350 2123 1403 2165 de
1432 2122 1649 2165 drumcoll
1684 2122 1884 2164 Iohanne
1913 2122 1967 2164 de
1995 2119 2247 2175 culquhone
2282 2119 2335 2161 de

527 2189 683 2231 eodem
720 2198 973 2234 nostrorum
1015 2199 1323 2247 compotorum
1368 2192 1632 2235 Rotulatore
1674 2191 1890 2234 militibus
1932 2188 2159 2244 magistris
2199 2187 2334 2231 dauid

527 2257 581 2299 de
616 2259 776 2313 guthre
812 2261 866 2303 de
902 2260 1181 2304 kincaldrum
1217 2260 1496 2304 thesaurario
1528 2268 1680 2304 nostro
1716 2267 1759 2303 et
1791 2259 2061 2303 Archibaldo
2092 2258 2335 2314 quhitelaw

527 2327 841 2374 archidiacono
883 2331 1152 2374 morauiensi
1195 2331 1444 2375 Secretario
1485 2339 1637 2375 nostro
1681 2332 1798 2386 apud
1840 2330 2079 2374 Stn'ueline
2120 2328 2334 2372 vicesimo

526 2406 651 2442 sexto
687 2399 757 2443 die
794 2402 961 2444 mensis
1005 2403 1213 2446 Octobris
1250 2417 1367 2445 anno
1403 2403 1571 2445 domini
1608 2401 1847 2445 millesimo
1894 2398 2333 2456 quadringentesimo

526 2469 803 2524 sexagesimo
835 2471 990 2526 quinto
1023 2473 1083 2514 Et
1118 2472 1261 2527 Regni
1294 2472 1434 2515 nostri
1467 2474 1603 2516 Sexto

1386 2658 1468 2699 VI.

524 2741 844 2781 Instrmnentum
868 2739 914 2780 de
937 2739 1154 2780 traditione
1175 2739 1325 2780 saisina
1351 2744 1553 2780 terrarum
1575 2738 1622 2780 de
1643 2739 1677 2781 C
1683 2738 1762 2780 rois
1786 2738 1829 2779 in
1850 2736 2204 2792 confirmacimtem
2222 2735 2330 2791 regis

1299 2813 1335 2849 et
1356 2808 1545 2862 infestum

641 2890 752 2943 [HN
800 2888 979 2932 nomine
1018 2888 1185 2931 domini
1224 2890 1366 2931 Amen
1414 2890 1498 2931 Per
1541 2888 1624 2931 hoc
1670 2902 1851 2944 presens
1896 2885 2123 2942 publicum
2163 2885 2323 2928 instru-
