2524 3418
775 307 948 350 Rentale
980 306 1162 348 obituum
1194 309 1230 346 et
1259 303 1659 345 Anniuersariorum
2037 315 2120 357 227

315 426 519 469 mariorie
551 432 594 467 et
628 422 844 467 Iohannis
877 424 1066 476 Insuper
1097 420 1308 462 collector
1344 419 1675 473 capellanorum
1709 417 1782 472 qui
1812 433 1889 472 pro
1921 424 2120 473 tempore

313 495 442 538 fuerit
465 494 665 537 tabulam
690 492 869 535 solitam
894 505 1025 545 super
1048 489 1374 531 monimentum
1408 487 1571 530 locabit
1595 486 1832 529 luminaria
1854 487 2051 528 inueniet
2073 493 2119 528 vt

315 565 450 607 moris
473 571 540 606 est
563 564 607 605 in
630 560 885 604 huiusmodi
918 558 1222 602 anniuersario
1247 559 1494 611 Ceteraque
1527 555 1779 598 necessaria
1802 555 2000 610 perficiet
2035 556 2119 597 Pro

314 635 472 689 quibus
509 632 726 687 capellanj
767 629 951 685 predictj
993 629 1275 670 infeodantur
1306 628 1350 668 in
1382 641 1469 668 vno
1507 641 1655 668 annuo
1685 625 1859 667 redditu
1891 625 2118 666 trisdecim

313 702 554 744 solidorum
607 707 649 742 et
699 706 889 753 quatuor
940 696 1220 738 denariorum
1272 695 1440 736 vsualis
1492 701 1670 736 monete
1721 693 1866 736 scocie
1908 695 1961 735 de
2002 700 2119 735 terra

313 771 536 824 alexandrj
584 769 752 811 mathei
794 768 838 809 in
875 767 972 809 vico
1013 767 1238 808 furcarum
1276 765 1380 819 dictj
1423 765 1548 819 burgi
1591 779 1643 806 ex
1687 763 1951 806 occidentali
1994 770 2118 818 parte

311 840 509 882 eiusdem
543 839 659 880 inter
689 845 853 879 terram
886 835 1078 879 Walteri
1103 836 1221 877 Wod
1245 849 1297 876 ex
1323 834 1486 876 boreali
1517 849 1569 875 ex
1590 849 1677 875 vna
1710 841 1752 875 et
1784 840 1949 875 terram
1983 847 2119 887 quon-

311 912 414 952 dam
438 909 605 962 cristinj
642 909 787 950 litster
819 921 871 948 ex
894 905 1079 948 australi
1113 905 1314 959 partibus
1347 906 1401 946 ab
1435 904 1575 946 altera
1607 911 1649 945 et
1683 918 1967 946 communem
1999 903 2117 945 viam

310 980 478 1034 regiam
500 994 654 1021 versus
677 978 822 1020 oriens
847 978 907 1018 Et
931 977 1078 1018 lacum
1102 975 1206 1028 dictj
1232 974 1358 1029 burgi
1380 989 1535 1016 versus
1558 974 1765 1016 occidens

426 1122 646 1165 Omnibus
688 1122 803 1163 hanc
847 1128 1017 1162 cartam
1059 1119 1220 1160 visuris
1261 1119 1329 1159 vel
1372 1118 1602 1160 Audituris
1646 1118 1870 1159 Iohannes
1911 1118 2116 1159 Wormet

309 1193 542 1247 burgensis
592 1191 716 1246 burgj
774 1192 827 1233 de
878 1191 1105 1232 Abirdenn
1159 1190 1375 1231 Eternam
1428 1188 1472 1230 in
1525 1188 1704 1230 domino
1758 1188 1948 1229 salutem
2002 1188 2115 1230 Cum

308 1277 464 1304 omnes
518 1261 737 1304 stabimus
799 1267 902 1303 ante
965 1260 1159 1302 tribunal
1219 1258 1387 1301 domini
1443 1259 1583 1312 nostrj
1645 1259 1780 1300 Ihesu
1839 1257 1962 1299 cristi
2022 1257 2116 1299 siue

308 1333 473 1374 bonum
504 1331 598 1373 siue
631 1331 800 1373 malum
833 1329 964 1372 fuerit
994 1328 1214 1383 recepturi
1236 1335 1366 1383 prout
1399 1328 1443 1369 in
1475 1327 1669 1382 presentj
1695 1327 1844 1369 seculo
1873 1327 2118 1369 meruimus

309 1401 452 1456 Igitur
474 1401 591 1443 diem
610 1400 795 1442 extremi
816 1399 972 1452 Iudicij
999 1399 1206 1454 operibus
1224 1398 1527 1440 misericordie
1545 1398 1784 1452 expediens
1803 1404 1869 1439 est
1887 1397 2118 1451 preuenire

306 1478 354 1513 ut
373 1471 594 1513 seminata
612 1470 656 1512 in
679 1470 810 1512 terris
833 1469 1070 1524 multiplici
1091 1469 1239 1510 fructu
1262 1468 1527 1522 colligamus
1545 1468 1590 1508 in
1614 1467 1720 1509 celis
1738 1468 1866 1508 Vnde
1891 1467 2118 1508 Noueritis

307 1554 378 1581 me
400 1539 444 1580 in
467 1540 684 1581 honorem
719 1538 804 1580 Dei
838 1537 1174 1592 Omnipotentis
1207 1537 1465 1580 beatissime
1487 1536 1672 1590 virginis
1695 1535 1833 1578 marie
1852 1542 1893 1577 et
1917 1535 2117 1577 omnium

307 1617 564 1653 sanctorum
606 1625 684 1664 pro
725 1609 869 1651 salute
906 1609 1066 1650 Anime
1109 1622 1206 1650 mee
1243 1608 1404 1649 Anime
1449 1607 1639 1649 Isabelle
1682 1606 1914 1649 erichtoun
1957 1620 2118 1660 sponse

307 1695 404 1722 mee
441 1682 652 1722 moderne
683 1680 844 1721 Anime
888 1681 1114 1734 quondam
1152 1679 1401 1720 Annabelle
1444 1678 1592 1720 kintor
1628 1692 1790 1732 sponse
1827 1692 1924 1719 mee
1961 1677 2118 1732 prioris

305 1751 569 1793 Animarum
588 1750 777 1806 prolium
796 1757 1050 1792 nostrarum
1074 1756 1311 1804 parentum
1335 1749 1667 1791 benefactorum
1691 1755 1944 1790 nostrorum
1964 1762 2116 1789 eorum

306 1836 331 1863 a
354 1821 512 1875 quibus
535 1821 684 1875 aliqua
706 1821 823 1863 bona
846 1820 1114 1862 minusiuste
1137 1819 1272 1862 habui
1291 1834 1342 1861 ac
1361 1819 1561 1861 omnium
1584 1819 1782 1861 fidelium
1807 1818 2116 1860 defunctorum

305 1891 480 1933 dedisse
513 1891 789 1933 concessisse
824 1898 866 1933 et
905 1891 988 1932 hac
1021 1891 1214 1945 presentj
1251 1896 1374 1932 carta
1411 1904 1511 1932 mea
1546 1890 1835 1931 confirmasse
1873 1890 2040 1932 Curato
2074 1895 2116 1930 et

305 1962 551 2017 capellanis
575 1962 697 2004 chori
731 1961 917 2004 ecclesie
941 1961 1211 2016 parochialis
1243 1960 1359 2014 beatj
1385 1959 1577 2013 nicholaj
1605 1959 1709 2013 dictj
1735 1959 1861 2014 burgj
1896 1966 2041 2000 totum
2075 1965 2117 2000 et

305 2031 528 2086 integrum
561 2031 670 2073 illud
704 2032 893 2073 crottum
927 2045 1076 2072 meum
1101 2030 1195 2072 siue
1224 2036 1390 2072 terram
1414 2045 1562 2072 meam
1587 2044 1687 2071 cum
1712 2029 1804 2071 suis
1835 2028 2118 2083 pertinentiis

306 2103 535 2144 Iacentem
573 2102 686 2144 infra
721 2102 890 2144 dictum
928 2103 1116 2156 burgum
1160 2101 1204 2142 in
1241 2100 1464 2142 territorio
1502 2100 1742 2142 croftorum
1781 2100 1834 2141 de
1870 2099 1966 2153 futy
2003 2098 2118 2139 inter

302 2179 467 2214 terram
500 2173 724 2226 quondam
758 2171 977 2214 Willelmi
1009 2185 1142 2226 cryne
1175 2185 1228 2212 ex
1250 2170 1435 2212 australi
1469 2185 1520 2212 ex
1547 2184 1635 2211 vna
1667 2176 1710 2210 et
1742 2175 1907 2210 terram
1929 2168 2115 2209 fratrum

304 2243 636 2285 carmelitarum
667 2242 771 2296 dictj
806 2242 932 2296 burgj
969 2257 1021 2283 ex
1050 2241 1216 2284 boreali
1245 2241 1446 2296 partibus
1479 2242 1533 2282 ab
1568 2241 1710 2283 altera
1742 2240 2055 2281 extendentem
2091 2252 2116 2279 a

304 2313 544 2355 Communi
565 2313 637 2355 via
659 2313 781 2367 regia
802 2327 956 2354 versus
979 2311 1188 2354 occidens
1210 2313 1265 2353 ad
1287 2312 1327 2353 le
1351 2310 1566 2365 cuttingis
1587 2325 1742 2352 versus
1774 2310 1920 2351 oriens
1942 2308 2116 2349 Tenen-

303 2385 408 2425 dum
432 2391 474 2425 et
498 2384 753 2426 habendum
786 2390 931 2425 totum
965 2389 1008 2424 et
1041 2382 1264 2436 integrum
1299 2382 1489 2423 croftum
1523 2381 1617 2422 siue
1650 2387 1814 2423 terram
1841 2378 2114 2421 antedictam

304 2467 405 2494 cum
430 2453 522 2494 suis
544 2453 825 2507 pertinentiis
848 2452 1032 2507 prefatis
1055 2453 1223 2495 Curato
1246 2458 1288 2493 et
1313 2451 1556 2506 capellanis
1579 2465 1630 2493 ac
1654 2450 1746 2492 suis
1771 2448 2115 2492 Successoribus

303 2523 547 2577 capellanis
584 2523 688 2577 dictj
729 2523 849 2578 chorj
887 2538 912 2565 a
947 2537 1017 2564 me
1054 2529 1097 2564 et
1134 2522 1373 2564 heredibus
1410 2521 1522 2563 meis
1560 2522 1613 2563 de
1647 2521 1896 2575 Suppremo
1934 2517 2114 2560 domino

303 2599 455 2635 nostro
493 2607 595 2648 rege
627 2593 671 2634 in
708 2607 867 2647 puram
906 2599 948 2634 et
986 2598 1249 2647 perpetuam
1292 2591 1574 2633 elimosinam
1619 2591 1955 2644 Imperpetuum
1999 2588 2113 2630 Cum

303 2661 424 2703 omni
459 2663 560 2704 Iure
593 2668 635 2703 et
671 2662 786 2704 Iuris
819 2662 991 2704 clameo
1024 2676 1126 2703 cum
1159 2660 1319 2702 debitis
1339 2659 1629 2714 ‘longitudine
1661 2665 1704 2700 et
1741 2656 1978 2700 latitudine
2013 2669 2114 2697 cum

303 2731 490 2785 edificijs
509 2733 698 2786 desuper
721 2731 1033 2774 construendis
1055 2732 1119 2773 Ac
1147 2745 1248 2772 cum
1272 2730 1479 2772 omnibus
1502 2729 1602 2783 alijs
1625 2736 1667 2770 et
1692 2728 1880 2782 singulis
1902 2724 2114 2768 libertati-

301 2801 384 2842 bus
417 2800 811 2842 commoditatibus
844 2808 886 2842 et
919 2799 1183 2842 asiamentis
1220 2814 1272 2841 ac
1309 2799 1447 2841 Iustis
1484 2799 1577 2840 suis
1610 2796 1897 2852 pertinenciis
1936 2794 2113 2848 quibus-

302 2883 476 2923 cunque
525 2871 580 2911 ad
626 2869 875 2923 predictum
928 2869 1118 2911 croftum
1171 2867 1265 2910 siue
1316 2874 1481 2910 terram
1534 2881 1635 2909 cum
1688 2865 1780 2907 suis
1831 2862 2112 2919 pertinentiis

302 2937 610 2992 spectantibus
642 2952 720 2979 seu
764 2938 888 2979 Iuste
925 2935 1126 2992 spectare
1162 2935 1416 2978 valentibus
1453 2934 1785 2990 quomodolibet
1827 2933 1871 2974 in
1912 2932 2110 2975 futurum

2150 1121 2205 1152 fol.
2229 1122 2266 1152 91
2280 1120 2292 1139 ²

2151 1214 2274 1246 Obitus
2290 1224 2395 1256 quon-

2148 1258 2226 1290 dam
2245 1258 2408 1290 Iohannis

2149 1302 2306 1334 Wormet
