2524 3418
306 372 522 415 XXXIV.

334 513 522 556 XXXV.

305 655 520 696 XXXVI.

279 863 522 906 XXXVII.

251 1003 521 1045 XXXVIII.

303 1072 521 1114 XXXIX.

418 1213 516 1254 XL.

395 1491 521 1533 XLI.

369 1630 520 1672 XLII.

343 1904 521 1947 XLIII.

349 2043 520 2084 XLIV.

379 2180 522 2221 XLV.

353 2248 521 2291 XLVI.

325 2318 521 2359 XLVII.

305 2523 524 2566 XLVIII.

940 238 1099 280 Tabula
1129 238 1286 280 Hermu

554 372 690 416 Carta
707 370 960 414 donationis
981 369 1256 426 capellaniae
1273 368 1427 413 altaris
1446 370 1640 412 Sanctae
1664 367 1834 411 Mariae

666 441 878 497 Virginis.
942 442 1052 496 1484
1433 471 1441 480 .

556 511 780 556 Fundatio
817 511 1025 555 Duncani
1063 512 1253 556 Scherar
1288 512 1345 554 ad
1382 510 1522 553 altare
1560 471 1714 551 Sancti
1748 508 1835 550 An-

667 585 812 627 dreae.
877 595 983 638 1501
1039 616 1047 625 .
1301 615 1309 623 .
1431 614 1440 622 .

555 654 745 696 Rentale
777 667 1028 696 annuorum
1064 652 1317 695 reddituum
1354 648 1672 705 pertinentium
1708 645 1837 690 altari

668 723 823 766 Sancti
839 724 1043 767 Andreae
1065 722 1110 765 in
1133 721 1322 766 ecclesia
1344 718 1589 764 cathedrali
1612 718 1836 761 Aberdon-

667 793 761 836 ensi
1037 826 1045 835 .
1300 825 1308 833 .
1432 824 1439 832 .
1564 822 1572 831 .

556 863 748 907 Rentale
769 862 925 906 altaris
951 863 1106 906 Sancti
1137 862 1336 905 Duthaci
1368 861 1413 903 in
1445 858 1634 903 ecclesia
1655 855 1838 913 paroch-

667 931 741 975 iali
765 932 895 975 Beati
920 932 1127 975 Nicholai
1150 934 1203 975 de
1225 932 1456 975 Aberdene

556 1002 752 1046 Donatio
779 1002 989 1046 Duncani
1017 1002 1208 1046 Scherar
1232 1003 1288 1045 ad
1314 1001 1455 1044 altare
1482 998 1613 1042 Beati
1642 994 1839 1040 Duthaci

557 1071 754 1114 Donatio
791 1071 1037 1127 capellanis
1067 1071 1282 1115 ecclesiae
1314 1068 1584 1125 parochialis
1618 1068 1671 1110 de
1707 1066 1840 1109 Aber—

667 1143 793 1185 dene.
857 1143 966 1197 1488
1036 1176 1044 1184 .

554 1213 743 1255 Rentale
770 1214 825 1256 ad
852 1214 1090 1255 emendum
1123 1225 1285 1267 panem
1318 1217 1361 1252 et
1393 1210 1546 1251 vinum
1579 1219 1734 1249 recens
1766 1218 1840 1247 an-

667 1281 840 1324 nuatim
873 1281 1231 1324 distribuendum
1254 1280 1307 1322 de
1329 1278 1400 1321 die
1431 1277 1476 1319 in
1503 1275 1620 1318 diem
1655 1271 1842 1328 singulis

667 1351 911 1407 capellanis
934 1351 978 1393 in
1001 1350 1191 1394 ecclesia
1213 1347 1458 1405 parochiali
1482 1344 1612 1389 Beati
1633 1341 1841 1386 Nicholai

666 1421 955 1464 celebraturis
977 1435 1055 1477 pro
1082 1419 1417 1482 consecratione
1439 1413 1710 1460 sacramenti

556 1491 747 1534 Rentale
788 1506 1039 1535 annuorum
1085 1490 1338 1534 reddituum
1390 1487 1545 1532 altaris
1597 1487 1842 1529 Beatorum

668 1561 900 1604 Laurentii
923 1568 966 1604 et
990 1560 1174 1604 Niniani

554 1631 690 1674 Carta
712 1632 952 1674 Alexandri
986 1633 1169 1674 Menzes
1200 1630 1467 1673 confirmata
1498 1640 1576 1682 per
1606 1638 1737 1667 suum
1771 1637 1841 1664 su-

669 1699 886 1755 periorem
919 1707 962 1743 et
995 1714 1072 1755 per
1094 1712 1352 1754 supremum
1375 1695 1607 1740 dominum
1641 1699 1843 1735 nostrum

669 1782 818 1824 regem
874 1769 1143 1812 mortificata
1201 1769 1255 1811 de
1304 1764 1566 1809 fundatione
1622 1760 1843 1817 lampadis

670 1851 819 1880 coram
841 1837 1082 1881 venerabili
1110 1842 1392 1880 sacramento
1419 1831 1669 1890 pendentis.
1735 1842 1843 1884 1503

556 1905 754 1948 Donatio
781 1906 968 1962 collegio
997 1905 1330 1962 capellanorum
1359 1918 1436 1947 sex
1456 1901 1735 1945 voluminum
1766 1898 1844 1942 lib-

673 1989 838 2017 rorum.
902 1987 1052 2030 1505.
1308 2007 1316 2015 .
1572 2004 1580 2012 .
1704 2001 1712 2010 .

554 2043 691 2086 Carta
710 2043 897 2086 Davidis
915 2045 1167 2100 Symsoune
1189 2045 1244 2087 ad
1267 2044 1408 2086 altare
1425 2006 1582 2084 Sancti
1606 2035 1843 2081 Leonardi.

677 2113 788 2167 1489
1176 2145 1184 2154 .
1307 2145 1316 2153 .
1439 2143 1448 2151 .
1571 2141 1579 2149 .

556 2181 593 2222 F
596 2180 781 2223 undatlo
802 2180 1006 2224 Thomae
1028 2182 1198 2224 Wauss
1227 2181 1282 2223 ad
1309 2180 1449 2222 altare
1476 2175 1632 2220 Sancti
1661 2172 1844 2217 Martini

556 2249 777 2294 Redditus
799 2249 955 2292 altaris
978 2251 1172 2292 Sanctae
1198 2247 1358 2293 Crucis
1436 2280 1444 2288 .

556 2318 780 2361 Fundatio
809 2318 1084 2374 capellaniae
1116 2317 1271 2361 altaris
1298 2316 1402 2360 Divi
1435 2313 1650 2358 Iohannis
1680 2311 1844 2366 baptis-

669 2392 743 2429 tae
764 2387 1037 2442 precursoris
1065 2386 1249 2430 Domini
1275 2400 1353 2442 per
1380 2385 1629 2428 Iohannem
1654 2378 1843 2424 Knollis.

674 2456 784 2510 1486
1174 2489 1183 2497 .
1306 2487 1315 2497 .
1570 2485 1578 2494 .
1702 2483 1710 2491 .

559 2525 595 2567 F
599 2524 784 2568 undatio
805 2524 993 2580 Angusii
1021 2526 1283 2568 Adamsoun
1309 2487 1554 2578 capellanis
1586 2518 1708 2563 chori
1742 2516 1846 2560 Divi

672 2592 881 2637 Nicholai
903 2595 956 2637 de
972 2595 1204 2638 Aberdene
1226 2593 1282 2636 ad
1304 2592 1446 2636 altare
1469 2588 1624 2634 Sancti
1649 2587 1845 2631 Michae-

673 2661 728 2704 lis
768 2662 813 2706 in
855 2664 1012 2706 eadem
1049 2661 1239 2705 ecclesia
1271 2662 1327 2704 de
1362 2660 1463 2703 xxxi
1504 2657 1659 2702 solidis
1693 2662 1735 2698 et
1770 2653 1845 2697 viii

670 2730 864 2775 denariis
898 2730 1216 2774 distribuendis
1257 2744 1335 2785 per
1370 2728 1653 2784 capellanum
1691 2723 1846 2768 altaris

672 2799 827 2842 Sancti
867 2799 1103 2842 Michaelis
1138 2799 1255 2842 inter
1290 2798 1549 2853 capellanos
1580 2793 1703 2838 chori
1742 2791 1846 2835 Divi

673 2867 881 2913 Nicholai
914 2869 968 2913 de
996 2868 1241 2911 Aberdene.
1306 2878 1416 2920 1440
1441 2898 1450 2908 .
