2524 3418
768 343 898 386 Carta
931 342 1091 385 domini
1120 342 1321 385 Iohannis
1354 357 1485 386 wauss
1949 359 2028 401 137

218 461 369 503 Vnum
400 474 598 503 annuum
628 457 850 501 redditum
876 456 1044 513 vigenti
1072 457 1314 500 solidorum
1341 464 1520 501 monete
1550 459 1695 502 scocie
1725 461 1958 504 annuatim
1986 468 2028 504 et

217 543 295 584 pro
332 536 546 585 perpetuo
582 528 874 571 leuandorum
907 528 964 570 ad
995 527 1108 569 duos
1139 527 1243 583 annj
1276 526 1494 570 terminos
1524 528 1704 570 vsuales
1738 543 1816 583 per
1848 529 2030 584 equales

218 598 444 653 portiones
495 597 638 641 decim
689 596 896 639 videlicet
949 596 1114 639 solidos
1165 598 1220 640 ad
1271 597 1435 639 festum
1488 602 1772 652 pentecostes
1823 604 1865 640 et
1917 598 2030 642 alios

218 668 361 712 decim
394 668 559 712 solidos
591 669 646 710 ad
668 667 832 710 festum
856 666 945 709 diui
979 665 1158 721 martinj
1194 666 1238 708 in
1269 681 1397 722 yeme
1430 665 1474 709 in
1501 681 1657 722 puram
1691 673 1734 710 et
1766 674 2028 723 perpetuam

218 738 498 781 elimosinam
523 740 576 781 de
599 752 698 780 mea
721 736 899 792 propria
921 742 1040 779 terra
1062 742 1158 779 tota
1177 743 1219 781 et
1234 736 1409 792 integra
1432 752 1533 780 cum
1551 737 1842 792 pertinenciis
1863 738 1908 781 in
1930 739 2028 783 vico

217 808 356 852 viride
378 808 491 851 infra
513 807 682 851 dictum
715 808 905 861 burgum
939 807 1122 849 Iacente
1155 821 1207 849 ex
1233 813 1359 862 parte
1386 807 1553 850 boreali
1576 807 1775 851 eiusdem
1804 808 1890 851 vici
1913 808 2029 852 inter

217 885 383 920 terram
411 877 636 932 quondam
659 875 830 917 henrici
853 876 981 918 bawn
1004 889 1057 917 ex
1079 874 1345 919 occidentali
1373 890 1426 919 ex
1446 891 1534 919 vna
1556 878 1667 920 duas
1688 877 1784 920 vias
1805 877 1952 933 regias
1975 893 2027 921 ex

217 946 404 990 australi
445 952 488 988 et
529 944 735 988 orientali
777 943 979 999 partibus
1020 945 1076 987 ab
1110 944 1252 988 altera
1288 951 1331 987 et
1374 951 1540 988 terram
1580 946 1808 990 alexandri
1849 947 2027 1002 goithra

216 1031 372 1059 versus
403 1016 583 1059 boream
618 1015 703 1057 Pro
726 1029 813 1069 quo
835 1013 1014 1069 quidem
1047 1028 1197 1057 annuo
1229 1014 1403 1058 redditu
1435 1015 1542 1058 dicti
1563 1016 1757 1060 vicarius
1779 1024 1961 1061 curatus
1983 1024 2026 1061 et

216 1085 376 1127 fratres
413 1083 536 1126 chori
574 1089 616 1125 et
653 1082 721 1125 sui
759 1097 1042 1125 successores
1076 1083 1316 1138 specialem
1357 1086 1630 1128 tenebuntur
1669 1088 1852 1130 reddere
1892 1088 2026 1131 refec-

215 1155 384 1198 tionem
405 1153 612 1197 videlicet
649 1153 856 1196 omnibus
893 1159 935 1195 et
973 1153 1162 1209 singulis
1199 1154 1398 1198 sabbatis
1439 1155 1594 1199 diebus
1629 1171 1708 1212 pro
1745 1172 1844 1201 mea
1876 1157 2028 1201 anima

215 1225 538 1280 animabusque
574 1229 812 1280 parentum
851 1224 1186 1267 benefactorum
1225 1230 1269 1268 et
1308 1239 1462 1268 eorum
1502 1240 1690 1281 quorum
1724 1227 1897 1271 debitor
1927 1243 2027 1271 sum

213 1310 348 1338 vnam
371 1294 595 1338 celebrare
618 1293 803 1336 missam
831 1294 885 1336 de
917 1294 1048 1336 beata
1068 1293 1239 1349 virgine
1262 1294 1403 1338 maria
1425 1294 1521 1337 sine
1547 1301 1655 1339 nota
1683 1297 1738 1339 ad
1771 1297 1913 1341 altare
1935 1297 2026 1353 diuj

217 1364 397 1419 martinj
415 1363 485 1407 cui
503 1363 746 1407 celebranti
769 1363 982 1406 collector
998 1364 1052 1406 de
1075 1363 1236 1406 salario
1255 1363 1425 1407 scilicet
1449 1371 1640 1420 quatuor
1662 1366 1857 1410 denariis
1873 1367 2028 1411 imme-

217 1434 336 1478 diate
354 1433 600 1477 satisfaciet
618 1434 901 1476 INSUPER
916 1433 1100 1476 eiisdem
1116 1448 1187 1476 me
1200 1434 1412 1477 fundasse
1427 1434 1657 1478 Noueritis
1675 1441 1717 1478 et
1733 1437 1889 1480 eadem
1905 1444 2029 1481 carta

218 1503 571 1547 irreuocabiliter
611 1503 903 1546 confirmasse
945 1502 1056 1546 alios
1091 1517 1265 1546 annuos
1296 1503 1497 1546 redditus
1529 1505 1585 1547 ad
1618 1519 1843 1549 summam
1871 1506 2030 1562 viginti

217 1574 354 1617 trium
377 1573 620 1616 solidorum
639 1578 682 1615 et
701 1578 892 1627 quatuor
909 1572 1191 1616 denariorum
1210 1574 1264 1616 de
1285 1573 1416 1616 terris
1433 1580 1482 1617 ut
1506 1573 1707 1630 sequitur
1729 1577 1781 1618 In
1800 1575 1956 1631 primis
1977 1578 2031 1620 de

218 1651 314 1688 tota
355 1651 399 1687 et
441 1643 615 1699 integra
651 1649 771 1686 terra
808 1643 1144 1698 capellanorum
1182 1643 1383 1686 eiusdem
1426 1644 1550 1687 chori
1591 1644 1636 1687 in
1672 1644 1770 1688 vico
1805 1646 2030 1690 furcarum

219 1713 376 1769 prefati
399 1712 527 1768 burgi
549 1727 602 1756 ex
624 1712 891 1756 occidentali
914 1719 1041 1768 parte
1065 1714 1247 1756 Iacente
1270 1712 1386 1756 inter
1407 1719 1574 1757 terram
1593 1716 1819 1770 quondam
1837 1717 2030 1760 Walteri

219 1783 345 1839 quhit
368 1798 422 1825 ex
452 1782 619 1827 boreali
652 1797 705 1825 ex
725 1797 813 1825 vna
835 1789 878 1825 et
904 1789 1070 1826 terram
1094 1777 1319 1838 quondam
1352 1785 1516 1827 andree
1548 1786 1728 1828 baxster
1759 1800 1812 1829 ex
1844 1787 2030 1830 australi

219 1855 274 1897 ab
296 1854 438 1897 altera
469 1859 512 1896 et
544 1868 806 1896 communes
836 1853 933 1896 vias
964 1853 1111 1909 regias
1141 1869 1296 1897 versus
1327 1854 1474 1898 oriens
1507 1861 1549 1898 et
1583 1855 1792 1900 occidens
1824 1857 2031 1914 Quinque

218 1924 385 1967 solidos
417 1929 608 1979 quatuor
632 1923 838 1966 denarios
871 1925 985 1966 Item
1016 1925 1070 1966 de
1100 1924 1335 1979 Iugeribus
1360 1925 1525 1980 prediis
1547 1925 1698 1969 croftis
1720 1926 1815 1970 siue
1837 1928 1956 1983 agris
1978 1930 2032 1972 de

221 1997 502 2050 Inuerrowry
519 1995 573 2037 In
595 1993 752 2049 primis
774 1994 828 2036 de
849 1999 968 2036 terra
990 1993 1160 2036 henrici
1185 1994 1415 2037 Iohnsoun
1437 1994 1550 2038 infra
1573 1995 1742 2039 dictum
1765 1997 1955 2052 burgum
1979 2012 2032 2040 ex

219 2072 345 2122 parte
367 2064 633 2108 occidentali
667 2063 866 2107 eiusdem
891 2065 1015 2106 Inter
1035 2071 1177 2107 terras
1199 2064 1367 2119 dominj
1393 2066 1446 2108 de
1467 2065 1700 2109 Warderis
1722 2081 1774 2109 ex
1800 2067 1965 2110 boreali
1989 2074 2032 2111 et

218 2134 405 2179 australi
427 2134 630 2190 partibus
652 2148 938 2177 communem
960 2133 1080 2176 viam
1102 2133 1271 2190 regiam
1287 2149 1444 2178 versus
1465 2135 1613 2178 oriens
1631 2142 1674 2179 et
1696 2142 1840 2179 terras
1862 2136 2030 2180 domini

219 2203 359 2246 nostri
395 2202 512 2258 regis
547 2217 703 2245 versus
740 2202 949 2245 occidens
986 2203 1139 2245 decern
1177 2202 1343 2246 solidos
1380 2205 1450 2246 De
1488 2205 1678 2248 Duobus
1715 2205 1950 2260 Iugeribus
1987 2207 2031 2262 ly

221 2273 364 2317 Rudis
400 2274 625 2329 quondam
662 2273 816 2316 thome
851 2287 968 2328 zong
1002 2273 1238 2328 burgensis
1273 2273 1474 2317 eiusdem
1511 2275 1639 2331 burgi
1675 2290 1728 2318 ex
1763 2275 2029 2320 occidentali

219 2351 344 2400 parte
378 2344 636 2387 lacentibus
669 2343 786 2387 inter
812 2350 955 2387 terras
984 2344 1151 2400 dominj
1188 2344 1328 2387 nostri
1361 2344 1479 2400 regis
1511 2359 1563 2388 ex
1595 2345 1780 2389 australi
1812 2352 1855 2389 et
1887 2352 2030 2390 terras

220 2414 438 2459 Willelmi
471 2414 714 2457 henrisoun
747 2429 799 2457 ex
830 2414 996 2458 boreali
1032 2415 1234 2471 partibus
1270 2416 1325 2458 ab
1358 2415 1500 2459 altera
1529 2421 1720 2471 quatuor
1755 2416 1921 2459 solidos
1959 2418 2029 2460 De

219 2484 348 2527 terris
383 2485 538 2527 thome
572 2485 699 2528 rethe
742 2484 1001 2528 Iacentibus
1042 2485 1158 2528 inter
1197 2491 1362 2528 terram
1402 2485 1621 2529 Iohannis
1657 2486 1938 2529 brankaucht
1975 2502 2028 2530 ex

220 2554 405 2598 australi
422 2561 465 2597 et
481 2561 646 2598 terram
667 2555 882 2598 Iohannis
904 2555 1168 2598 huchosoun
1186 2570 1239 2598 ex
1256 2555 1422 2599 boreali
1444 2555 1645 2612 partibus
1667 2557 1723 2599 ab
1746 2556 1887 2599 altera
1910 2571 2027 2599 eom-

220 2639 401 2668 munem
422 2624 541 2668 viam
563 2624 732 2681 regiam
757 2639 913 2668 versus
945 2625 1092 2669 oriens
1113 2632 1156 2669 et
1178 2632 1344 2669 terram
1367 2625 1536 2681 dominj
1569 2626 1710 2669 nostri
1735 2626 1851 2681 regis
1871 2641 2028 2669 versus

220 2694 428 2738 occidens
450 2695 561 2737 duos
593 2695 758 2739 solidos
791 2696 861 2739 De
892 2696 1022 2739 terris
1057 2696 1250 2752 hugonis
1279 2711 1396 2752 zong
1426 2696 1539 2740 infra
1571 2696 1740 2739 dictum
1764 2697 1951 2751 burgum
1975 2711 2028 2739 ex

220 2765 425 2809 orientali
462 2772 588 2820 parte
631 2766 829 2809 eiusdem
873 2767 1131 2810 lacentibus
1167 2767 1283 2810 inter
1323 2774 1487 2810 terram
1531 2766 1717 2809 ecclesie
1759 2766 2028 2821 parochialis

220 2837 418 2880 eiusdem
442 2851 494 2879 ex
516 2837 682 2880 boreali
705 2853 757 2880 ex
778 2852 865 2881 vna
882 2844 925 2881 et
943 2845 1109 2881 terram
1133 2838 1240 2881 dicti
1263 2838 1456 2894 hugonis
1476 2832 1592 2893 zong
1609 2853 1662 2881 ex
1683 2837 1869 2881 australi
1892 2837 2025 2892 parti-

219 2907 301 2949 bus
323 2907 378 2949 ab
396 2906 536 2949 altera
568 2908 679 2949 duos
707 2908 872 2950 solidos
905 2903 1188 2952 INSUPER
1219 2908 1451 2952 Walterus
1479 2908 1759 2952 banzenacht
1781 2907 2025 2950 infeodauit

219 2977 449 3020 dominum
469 2977 602 3021 dauid
620 2979 790 3021 Wauss
807 2980 988 3021 nomine
1005 2980 1308 3034 procuratorio
1325 2979 1512 3023 fratrum
1532 2978 1717 3034 predicti
1736 2978 1909 3033 collegij
1929 2978 2018 3039 diuj

1109 3049 1131 3079 S

2059 746 2207 778 Andrew

2059 789 2174 831 dargis
2192 791 2289 823 Land

2059 834 2125 865 and
2142 834 2195 865 his
2213 844 2293 866 sons

2057 887 2099 918 ye
2118 877 2215 909 Land
2234 878 2267 909 in
2284 889 2326 920 ye

2058 930 2163 962 greyn
2180 931 2218 952 as

2058 964 2191 1005 appetis
2208 965 2307 996 stand

2056 1017 2128 1039 was
2146 1007 2250 1048 kayes

2058 1050 2155 1082 Land
2172 1051 2239 1082 and

2058 1093 2239 1125 sibbault's

2059 1137 2156 1170 Land
2173 1137 2245 1169 nixt
2261 1148 2303 1178 ye

2060 1181 2135 1214 Den
2152 1181 2249 1214 burn.
