2524 3418
459 334 539 375 160
646 331 830 374 Donatio
860 330 915 372 ad
944 329 1181 385 hospitalem
1214 328 1335 383 burgi
1366 328 1412 369 de
1442 329 1633 370 Aberden
1664 343 1690 370 a
1720 329 1904 372 Ricardo
1934 330 2091 372 Kintor

459 462 631 492 annuos
659 446 857 489 redditus
887 459 1009 487 meos
1038 443 1148 486 infra
1177 457 1362 497 regnum
1392 443 1530 484 scotie
1559 443 1790 486 annuatim
1824 444 2177 499 distringendum
2206 447 2262 489 ad

459 517 673 560 terminos
716 522 909 557 statutos
946 515 998 555 de
1035 511 1357 554 consuetudine
1398 512 1521 566 regni
1563 527 1641 566 pro
1682 512 1866 567 triginta
1908 513 2061 556 solidis
2096 515 2264 557 vsualis

461 593 637 629 monete
675 584 811 627 scotie
848 584 903 625 ad
941 597 1101 624 manus
1138 581 1338 636 proprias
1381 581 1580 636 magistri
1624 582 1729 624 dicti
1771 582 2006 637 hospitalis
2042 590 2149 626 tunc
2184 599 2264 639 pro

460 664 659 710 tempore
693 652 924 695 existentis
956 651 1127 693 tociens
1160 650 1365 705 quotiens
1398 650 1492 692 sine
1525 651 1705 693 licentia
1737 651 1924 694 alicuius
1958 652 2124 695 Iudicis
2154 659 2265 696 tem-

461 725 626 780 poralis
662 724 729 764 vel
769 721 1012 776 spiritualis
1054 722 1193 763 donec
1236 735 1465 775 quousque
1507 721 1734 775 predictus
1776 721 1989 776 magister
2029 722 2265 778 hospitalis

461 793 669 850 predictis
701 792 822 834 rudis
855 790 1038 846 pacifice
1071 792 1262 845 gaudere
1291 791 1438 833 valeat
1471 805 1572 833 cum
1606 792 1764 834 effectu
1799 793 1988 847 Insuper
2019 792 2165 848 obligo
2194 807 2265 836 me

461 865 644 906 heredes
668 877 791 904 meos
813 869 854 903 et
879 861 1133 916 assignatos
1155 868 1297 903 terras
1321 876 1444 903 meas
1467 862 1582 903 bona
1610 876 1709 904 mea
1736 862 1918 904 mobilia
1940 868 1982 904 et
2012 862 2266 906 Immobilia

460 934 708 986 vbicunque
738 932 934 974 locorum
963 931 1051 972 sint
1079 931 1261 973 inuenta
1285 932 1339 973 ad
1361 931 1639 972 voluntatem
1668 931 1775 973 dicti
1802 931 2004 986 magistri
2031 932 2267 987 hospitalis

461 1003 555 1044 sine
582 1001 761 1044 licentia
788 1000 976 1043 alicuius
1001 1000 1167 1042 Iudicis
1195 1000 1411 1055 capienda
1437 1001 1697 1043 abducenda
1720 1008 1762 1043 et
1784 1003 2016 1044 vendenda
2038 1016 2267 1057 quousque

461 1072 590 1114 fuerit
610 1071 890 1114 satisfactum
915 1070 1128 1124 magistro
1147 1070 1382 1125 hospitalis
1397 1070 1610 1112 antedicti
1633 1071 1686 1112 de
1708 1070 1937 1125 octoginta
1959 1070 2082 1113 libris
2098 1070 2268 1114 vsualis

463 1149 639 1185 monete
669 1141 806 1184 scotie
836 1140 930 1182 sine
959 1139 1219 1182 remissione
1248 1140 1316 1182 vel
1347 1139 1648 1194 disputatione
1677 1140 1826 1195 aliqua
1855 1140 2081 1183 soluendis
2110 1140 2157 1183 Si
2186 1155 2268 1196 ego

463 1213 688 1268 predictus
716 1212 915 1254 ricardus
937 1211 1124 1253 heredes
1146 1211 1214 1253 vel
1238 1210 1455 1265 assignati
1478 1210 1564 1252 mei
1587 1211 1655 1252 vel
1680 1210 1840 1265 aliquis
1861 1211 2040 1252 nomine
2063 1217 2267 1253 nostrum

463 1291 702 1337 antequam
719 1296 867 1324 coram
884 1281 1032 1335 aliquo
1052 1280 1203 1322 Iudice
1219 1280 1475 1335 placitando
1492 1280 1706 1322 fuerimus
1732 1279 1870 1322 auditi
1895 1286 2050 1323 contra
2065 1286 2266 1322 tenorem

463 1353 682 1408 presentis
714 1359 834 1395 carte
864 1351 1030 1406 aliquid
1061 1351 1205 1393 fecero
1234 1351 1302 1392 vel
1335 1351 1403 1392 vel
1437 1351 1528 1403 [sic]
1560 1350 1744 1393 fecerint
1773 1352 1938 1393 duxero
1963 1351 2032 1393 vel
2064 1350 2268 1393 duxerint

463 1430 506 1465 et
540 1423 575 1464 si
607 1422 774 1477 aliquid
807 1427 1075 1476 attemptare
1113 1427 1265 1475 potero
1301 1421 1370 1463 vel
1408 1420 1602 1475 poterint
1642 1422 1765 1463 Iuste
1801 1421 1870 1463 vel
1900 1420 2063 1463 iniuste
2092 1435 2268 1476 quoquo

464 1501 663 1548 tempore
677 1492 848 1534 tociens
871 1491 1077 1546 quotiens
1102 1492 1317 1534 roborabo
1339 1497 1382 1532 et
1405 1491 1675 1532 roborabunt
1700 1491 1771 1533 Ita
1793 1491 1910 1545 quod
1936 1505 2119 1545 presens
2145 1497 2269 1533 carta

465 1577 639 1618 semper
661 1562 858 1604 manebit
877 1561 993 1603 illisa
1011 1568 1054 1602 et
1078 1560 1122 1602 in
1140 1575 1220 1603 suo
1242 1562 1398 1603 robore
1417 1561 1628 1603 duratura
1647 1561 1712 1602 IN
1734 1560 1860 1602 cuius
1875 1560 1936 1602 rei
1959 1560 2268 1603 testimonium

466 1632 660 1687 sigillum
696 1631 976 1686 presentibus
1011 1645 1159 1672 meum
1194 1630 1419 1686 proprium
1455 1637 1522 1672 est
1556 1645 1803 1685 appensum
1839 1632 1956 1685 apud
1993 1632 2182 1686 burgum
2216 1632 2269 1674 de

466 1703 648 1746 abirden
664 1717 751 1744 vna
774 1717 875 1744 cum
899 1701 1057 1756 sigillis
1077 1701 1228 1743 fratris
1251 1701 1337 1743 mei
1361 1701 1587 1743 alexandri
1611 1703 1664 1743 de
1682 1702 1841 1756 kyntor
1857 1701 1902 1742 in
1921 1700 2097 1756 signum
2130 1700 2271 1755 ipsius

466 1787 712 1816 consensus
734 1779 776 1814 et
798 1771 976 1827 fergusij
1001 1771 1092 1826 fylp
1109 1771 1261 1825 balliuj
1287 1772 1340 1813 de
1358 1772 1519 1826 kyntor
1536 1777 1578 1813 et
1602 1770 1770 1813 datoris
1792 1770 1939 1813 sasine
1969 1770 2269 1826 predictarum

466 1850 685 1886 terrarum
715 1848 872 1897 quarto
904 1841 973 1884 die
1003 1841 1170 1883 mensis
1204 1841 1304 1896 Iulij
1339 1843 1469 1883 Anno
1501 1840 1668 1896 dominj
1704 1840 1946 1883 Millesimo
1978 1840 2271 1895 quadringen-

467 1913 629 1955 tesimo
665 1911 1035 1966 quinquagesimo
1067 1925 1185 1953 nono
1217 1912 1380 1954 Coram
1412 1910 1483 1952 his
1514 1910 1706 1953 testibus
1747 1910 1928 1953 domino
1969 1911 2144 1953 roberto
2181 1909 2270 1952 clat

467 1982 634 2025 vicario
671 1983 724 2025 de
766 1981 910 2024 cowill
954 1981 1156 2023 Iohanne
1186 1980 1404 2035 Willelmj
1442 1986 1485 2022 et
1517 1980 1765 2024 Wilhelmo
1807 1981 1861 2023 de
1897 1980 2071 2036 kynnor
2107 1979 2271 2023 serian-

468 2053 537 2096 dis
577 2052 684 2096 dicti
731 2051 858 2107 burgi
906 2053 959 2094 de
1007 2051 1168 2106 kyntor
1209 2050 1440 2094 Willelmo
1489 2057 1626 2093 smert
1668 2050 1914 2094 Wilhelmo
1956 2049 2053 2093 abel
2095 2050 2272 2092 roberto

471 2121 686 2165 Iohannis
737 2123 902 2164 andrea
962 2121 1076 2163 kelle
1126 2120 1282 2163 thoma
1331 2119 1566 2164 Wilhelmi
1619 2119 1914 2175 burgensibus
1964 2134 2066 2163 curn
2118 2118 2272 2162 multis

469 2191 570 2246 alijs

643 2331 741 2372 Hec
774 2336 841 2372 est
872 2345 976 2373 vera
1009 2328 1136 2384 copia
1168 2335 1288 2372 carte
1319 2328 1599 2372 fundacionis
1630 2328 1890 2384 principalis
1921 2328 2104 2371 alterius
2136 2342 2273 2371 manu

641 2400 832 2442 fideliter
862 2400 1040 2455 Scripta
1062 2406 1104 2442 et
1128 2414 1205 2454 per
1226 2415 1296 2442 me
1319 2400 1584 2455 magistrum
1607 2399 1831 2442 Thomam
1853 2414 2011 2454 zowng
2033 2398 2272 2441 Notarium

642 2469 869 2525 publicum
894 2469 1196 2512 Collationata
1213 2469 1274 2511 nil
1294 2471 1496 2512 addendo
1520 2475 1595 2512 aut
1618 2468 1905 2511 diminuendo
1928 2469 2045 2522 quod
2068 2469 2274 2510 substan-

644 2539 758 2582 ciam
788 2539 850 2581 rei
880 2546 1022 2582 mutet
1045 2546 1121 2582 aut
1153 2539 1439 2582 Intellectum
1461 2539 1601 2582 variet
1631 2539 1708 2581 sed
1737 2538 1970 2593 principali
1993 2538 2037 2580 in
2067 2537 2273 2580 omnibus

644 2611 936 2653 Concordans
958 2611 1011 2653 de
1033 2611 1168 2653 verbo
1189 2610 1234 2652 in
1256 2611 1439 2653 verbum
1463 2611 1544 2652 sub
1576 2608 1688 2651 meis
1721 2608 1859 2663 Signo
1882 2614 1924 2651 et
1948 2607 2274 2663 subscriptione

645 2680 928 2723 manualibus
950 2679 995 2722 in
1017 2679 1324 2723 consimilibus
1346 2679 1572 2722 consuetis
1594 2686 1636 2721 et
1657 2678 1835 2721 vsitatis

893 2751 963 2792 Ita
987 2756 1053 2792 est
1077 2749 1257 2791 thomas
1277 2763 1436 2804 zowng
1463 2748 1678 2791 Notarius
1700 2747 1904 2803 publicus
1927 2748 2067 2790 Manu
2099 2745 2275 2802 propria

537 2399 580 2671 mnqdesfiosgqo
