2524 3418
942 236 1199 292 Fragmenta
1920 248 1942 278 2
1951 249 1970 278 1

167 363 210 399 et
240 357 368 399 beate
400 354 538 398 marie
559 352 717 409 virgini
747 359 790 396 et
820 352 1027 395 omnibus
1059 350 1229 394 sanctis
1257 357 1299 393 et
1329 350 1458 393 altari
1492 351 1723 393 beatorum
1756 351 1968 406 laurencij

168 427 362 470 martiris
384 433 427 469 et
451 425 635 468 Niniani
661 422 927 467 confessoris
949 423 992 464 in
1016 422 1151 465 choro
1173 423 1301 464 beate
1331 420 1469 463 marie
1490 419 1673 475 virginis
1702 420 1906 463 dedicato
1928 427 1972 463 et

168 496 334 539 situato
377 496 420 538 in
465 494 654 539 ecclesia
694 493 811 537 beati
854 492 1048 536 nicholai
1096 493 1149 535 de
1186 492 1417 535 Aberdene
1454 497 1554 533 octo
1593 505 1768 533 marcas
1804 491 1973 533 vsualis

168 572 345 609 monete
396 565 710 620 sterlingorum
763 563 996 606 annuatim
1040 562 1425 617 percipiendorum
1472 562 1527 604 ad
1574 560 1810 604 cuiuslibet
1854 561 1972 603 Anni

166 636 382 678 terminos
419 636 611 678 Vsuales
645 636 700 677 ad
737 633 1062 676 Inueniendum
1099 647 1236 674 vnum
1274 632 1556 687 capellanum
1593 632 1816 686 ydoneum
1853 631 1973 674 dicto

167 705 297 748 altari
329 712 542 760 perpetuo
574 704 844 747 seruiturum
877 710 920 746 et
953 704 1008 746 ad
1040 702 1359 745 inueniendum
1397 702 1636 744 honestum
1670 700 1888 744 luminare
1921 716 1972 744 ac

167 772 317 816 omnia
359 780 622 816 ornamenta
664 773 782 816 dicto
824 772 954 815 altari
996 771 1307 815 ineumbencia
1341 771 1385 814 in
1423 786 1538 826 pane
1574 778 1617 814 et
1654 770 1757 814 vino
1794 778 1837 814 et
1874 771 1973 814 aliis

167 842 386 885 Videlicet
428 842 724 898 quadraginta
765 842 931 885 solidos
967 843 1020 885 de
1057 849 1174 885 terra
1211 844 1264 885 de
1301 843 1340 884 le
1377 841 1627 886 Wattirton
1664 856 1799 897 prope
1838 842 1972 884 Ellon

166 926 299 966 quam
329 912 582 956 laurencius
611 914 664 955 de
689 913 782 968 foty
804 911 1038 967 burgensis
1059 913 1112 955 de
1135 913 1365 955 Aberdene
1388 913 1441 954 de
1464 927 1534 954 me
1557 912 1822 955 hereditarie
1850 919 1973 955 tenet

167 983 227 1025 Et
256 982 493 1026 tresdecim
524 983 690 1026 solidos
718 989 760 1026 et
791 989 981 1037 quatuor
1009 982 1215 1025 denarios
1238 983 1290 1025 de
1313 982 1389 1024 illo
1412 982 1551 1025 crofto
1581 996 1712 1036 quem
1735 982 1974 1025 alexander

165 1051 283 1094 filius
306 1051 524 1095 willelmi
553 1054 607 1095 de
637 1067 707 1095 me
737 1059 858 1095 tenet
888 1052 932 1094 in
962 1052 1059 1095 vico
1087 1053 1140 1095 de
1169 1052 1262 1107 foty
1288 1052 1400 1095 infra
1429 1051 1699 1094 territorium
1732 1053 1972 1095 croftorum

165 1121 364 1165 eiusdem
386 1122 471 1165 vici
494 1130 538 1166 et
559 1122 716 1178 viginti
743 1123 908 1166 solidos
930 1124 983 1166 de
1006 1122 1094 1165 illis
1116 1123 1289 1165 duabus
1318 1121 1547 1177 perticatis
1576 1128 1690 1164 terre
1713 1137 1766 1164 ex
1787 1129 1973 1177 Vtraque

166 1198 290 1247 parte
312 1199 427 1235 terre
450 1208 548 1235 mee
570 1193 743 1248 proprie
767 1208 900 1248 quarn
924 1192 1125 1236 inhabito
1148 1193 1192 1235 in
1216 1191 1481 1236 occidentali
1505 1199 1630 1247 parte
1647 1191 1731 1235 vici
1748 1192 1972 1235 furcarum

166 1262 463 1306 collateratim
496 1263 746 1307 iacentibus
783 1279 893 1318 quas
930 1263 1172 1319 perticatas
1204 1269 1319 1305 terre
1358 1263 1411 1305 de
1450 1277 1521 1304 me
1559 1268 1681 1304 tenet
1720 1262 1974 1305 heriditarie

168 1333 391 1376 Dominus
411 1334 636 1377 Iohannes
653 1336 706 1377 de
725 1335 973 1390 melgdrum
997 1334 1257 1389 capellanus
1279 1332 1397 1375 filius
1416 1347 1542 1374 meus
1560 1339 1602 1374 et
1620 1332 1839 1387 fergusius
1857 1332 1975 1375 filius

166 1404 394 1447 alexandri
426 1405 659 1460 burgensis
682 1407 734 1448 de
758 1407 977 1448 aberdene
1008 1406 1068 1447 Et
1098 1419 1174 1447 sex
1196 1403 1362 1446 solidos
1388 1409 1431 1445 et
1458 1409 1559 1445 octo
1588 1401 1794 1445 denarios
1820 1404 1873 1445 de
1899 1402 1974 1444 illo

166 1481 424 1518 tenemento
461 1477 576 1530 quod
617 1476 842 1519 Iohannes
878 1476 996 1518 filius
1037 1474 1170 1518 colini
1208 1473 1441 1529 burgensis
1478 1474 1531 1516 de
1568 1472 1777 1515 abirdene
1814 1473 1867 1515 de
1904 1487 1975 1514 me

167 1544 431 1589 hereditarie
472 1553 594 1589 tenet
632 1546 676 1588 in
713 1546 811 1589 vico
848 1548 901 1589 de
938 1547 978 1589 le
1014 1560 1148 1601 grene
1186 1546 1246 1588 Et
1282 1543 1440 1599 viginti
1482 1558 1559 1586 sex
1601 1542 1767 1585 solidos
1799 1549 1841 1585 et
1874 1550 1976 1586 octo

167 1615 373 1659 denarios
402 1616 715 1672 sterlingorum
745 1618 798 1660 de
826 1623 944 1660 terra
974 1631 1074 1659 mea
1100 1618 1153 1659 de
1182 1615 1469 1670 Ardechoyrk
1501 1613 1613 1656 infra
1645 1612 1893 1656 dominium
1923 1615 1976 1656 de

168 1685 417 1740 melgdrum
450 1687 564 1729 Volo
596 1687 738 1730 eciam
771 1694 814 1730 et
846 1702 923 1743 per
956 1694 1186 1742 presentes
1217 1687 1413 1729 concedo
1451 1699 1529 1740 pro
1561 1699 1633 1727 me
1665 1690 1707 1727 et
1740 1684 1977 1728 heredibus

169 1755 280 1798 meis
308 1757 424 1811 quod
446 1757 767 1800 Aldirmannus
789 1764 979 1812 quatuor
1000 1756 1153 1801 balliui
1176 1763 1219 1800 et
1242 1762 1582 1800 conseruatores
1602 1754 1768 1798 fabrice
1790 1755 1977 1798 ecclesie

168 1827 286 1870 beati
315 1826 509 1870 nicholai
542 1828 796 1883 supradicte
819 1828 892 1883 qui
916 1843 994 1883 pro
1015 1835 1216 1883 tempore
1237 1826 1399 1869 fuerint
1433 1826 1629 1868 habeant
1652 1831 1695 1867 et
1718 1824 1976 1880 possideant

167 1896 367 1940 redditus
388 1897 688 1953 predictarum
707 1905 807 1942 octo
826 1913 1075 1942 mercarum
1094 1900 1149 1942 ad
1167 1897 1486 1940 inueniendum
1505 1895 1674 1939 dictum
1693 1895 1976 1950 capellanum

166 1968 390 2021 ydoneum
408 1968 607 2023 predicto
621 1969 751 2012 altari
767 1976 980 2025 perpetuo
999 1968 1268 2012 seruiturum
1285 1969 1417 2011 modo
1432 1973 1475 2010 et
1489 1967 1632 2010 forma
1650 1965 1917 2021 supradictis
1932 1966 1976 2008 in

168 2036 323 2081 christi
341 2038 620 2083 ordinatione
639 2039 852 2096 Episcopi
876 2039 1193 2083 aberdonensis
1208 2038 1281 2094 qui
1300 2053 1378 2094 pro
1400 2045 1601 2093 tempore
1617 2036 1748 2079 fuerit
1771 2037 1882 2079 adeo
1900 2035 1978 2079 lib-

168 2121 240 2150 ere
254 2114 297 2150 et
314 2108 461 2164 quiete
483 2109 680 2165 plenarie
698 2117 740 2153 et
759 2111 1002 2154 honorifice
1025 2110 1139 2153 sicut
1159 2110 1302 2153 dictas
1319 2116 1461 2152 terras
1483 2114 1526 2151 et
1548 2106 1748 2150 redditus
1774 2112 1978 2162 prenota-

167 2183 238 2220 tas
253 2178 306 2221 de
324 2193 446 2222 mero
460 2187 708 2236 conquestu
723 2180 792 2224 dei
808 2188 851 2224 et
869 2181 956 2224 mei
974 2195 1157 2237 presens
1171 2180 1258 2223 emi
1275 2179 1398 2223 tenui
1417 2186 1459 2222 et
1478 2177 1655 2234 possedi
1680 2179 1750 2221 Ita
1765 2178 1881 2232 quod
1897 2192 1978 2220 nec

168 2262 250 2303 ego
272 2263 353 2292 nec
375 2249 561 2293 heredes
584 2251 670 2294 mei
693 2258 770 2295 aut
793 2251 954 2307 aliquis
977 2252 1047 2294 uel
1074 2250 1208 2306 aliquj
1235 2266 1288 2293 ex
1309 2256 1436 2306 parte
1459 2255 1612 2291 nostra
1634 2247 1678 2290 in
1702 2246 1833 2290 dictis
1849 2245 1979 2289 terris

167 2317 236 2360 vel
253 2319 499 2364 redditibus
516 2320 695 2377 aliquod
715 2323 792 2365 Ius
808 2323 879 2365 uel
899 2323 1121 2366 clameum
1139 2323 1193 2364 de
1210 2327 1357 2364 cetero
1375 2319 1548 2375 exigere
1566 2318 1637 2362 uel
1651 2316 1887 2360 vendicare
1904 2331 1978 2372 po-

168 2388 354 2433 terimus
372 2405 452 2434 nec
471 2394 783 2447 quoquomodo
802 2408 827 2435 a
846 2392 1034 2435 seruicio
1053 2391 1237 2448 predicti
1256 2390 1412 2434 altaris
1430 2389 1624 2432 alienare
1641 2387 1686 2430 in
1703 2387 1852 2429 futuro
1868 2386 1978 2429 Sub-

169 2456 342 2503 iciendo
365 2476 435 2504 me
453 2468 496 2505 et
513 2462 699 2506 heredes
722 2478 846 2506 meos
869 2463 913 2505 in
959 2496 969 2506 .
1016 2496 1025 2505 .
1071 2462 1239 2506 domini
1263 2459 1477 2517 Episcopi
1500 2456 1818 2503 aberdonensis
1836 2455 1978 2499 archi—

168 2529 344 2573 diaconi
366 2532 434 2574 vel
458 2533 556 2575 offic
609 2565 619 2575 .
673 2566 683 2575 .
735 2533 935 2576 eiusdem
954 2548 1006 2576 ac
1060 2565 1390 2575 ......
1443 2530 1516 2586 qui
1535 2544 1612 2585 pro
1630 2536 1831 2583 tempore
1847 2526 1978 2569 fuerit

168 2614 252 2654 que
274 2601 393 2644 licite
416 2603 588 2658 possint
614 2604 685 2646 uel
714 2619 829 2647 vnus
892 2634 1492 2646 .........
1553 2599 1684 2642 fuerit
1715 2597 1809 2640 sine
1841 2611 1978 2639 causa

170 2702 1431 2716 ..................
1514 2685 1596 2713 nas
1629 2676 1807 2712 nostras
1841 2682 1978 2710 conce

671 2816 923 2858 Jntermcdia
942 2820 1040 2871 pars
1067 2815 1186 2857 huius
1212 2819 1347 2857 cartae
1372 2814 1475 2855 deest
