2524 3418
144 924 199 956 sol.
219 921 276 955 94¹

435 315 456 343 2
462 315 515 354 34
911 301 1098 343 Is‘enditio
1131 305 1230 340 terre
1261 313 1286 340 a
1317 302 1456 340 curato
1486 301 1522 339 et
1551 296 1770 353 capellanis

434 417 640 458 abirdene
681 416 892 458 vicesimo
935 422 1058 457 sexto
1100 414 1169 456 die
1212 413 1377 455 mensis
1420 411 1570 466 marcij
1616 413 1744 453 Anno
1781 409 1949 452 domini
1992 407 2229 450 millesimo

435 485 790 539 quingentesimo
832 484 1059 537 trigesimo
1111 490 1271 524 octauo
1323 482 1484 523 Coram
1538 479 1734 534 prouidis
1786 485 1828 520 et
1880 477 2085 519 discretis
2125 476 2230 518 viris

435 553 613 595 domino
635 554 808 594 roberto
842 552 973 605 spark
1002 552 1165 592 andrea
1187 564 1311 591 waus
1340 548 1584 603 capellanis
1606 547 1816 589 willelmo
1847 546 1950 600 paul
1980 545 2231 586 Alexandro

436 621 519 674 kay
552 620 784 674 sergiando
818 620 877 660 Et
910 618 1123 672 magistro
1162 617 1361 659 Iohanne
1398 615 1662 657 nicholsoun
1699 613 1871 656 notario
1908 612 2084 668 publico
2116 613 2231 655 Cum

435 688 622 730 diuersis
645 686 744 730 aliis

1251 823 1424 865 CXIII.

562 914 808 958 MNIBUS
841 914 956 955 hanc
989 913 1170 955 Castam
1194 910 1355 953 visuris
1377 910 1444 952 vel
1478 908 1695 952 audituris
1724 909 1917 951 Curatus
1939 913 1981 949 et
2015 906 2232 961 capellanj

620 984 742 1026 chori
795 982 996 1024 Ecclesie
1047 980 1334 1036 perrochialis
1385 979 1509 1033 burgj
1563 979 1616 1020 de
1658 977 1881 1020 Abirdenn
1928 977 2144 1018 Eternam
2191 975 2236 1017 in

441 1053 635 1095 Domino
668 1052 869 1094 Salutem
904 1049 1117 1092 noueritis
1139 1063 1220 1091 nos
1241 1047 1439 1090 vnanimi
1463 1060 1683 1089 consensu
1706 1052 1748 1088 et
1771 1059 1957 1087 assensu
1979 1044 2171 1086 vtilitate
2193 1050 2236 1086 et

439 1123 625 1164 comodo
649 1119 833 1162 ecclesie
863 1118 906 1159 in
933 1118 1018 1160 hac
1041 1124 1166 1172 parte
1197 1117 1399 1171 vndeque
1431 1114 1609 1169 preuisa
1631 1120 1673 1155 et
1697 1113 1931 1167 diligenter
1958 1111 2238 1154 considerata

440 1190 613 1232 dedisse
655 1187 928 1230 concessisse
971 1187 1025 1228 ad
1066 1185 1359 1226 feodifirmam
1402 1182 1624 1225 dimisisse
1666 1189 1708 1223 et
1752 1181 1836 1223 hac
1878 1180 2071 1235 presentj
2116 1186 2239 1222 carta

440 1266 592 1300 nostra
625 1257 911 1298 confirmasse
944 1254 1132 1296 honesto
1154 1253 1246 1294 viro
1280 1251 1468 1305 Iohannj
1498 1251 1718 1293 Watsone
1741 1249 1948 1304 burgensi
1981 1249 2086 1303 dictj
2111 1248 2236 1303 burgj

440 1334 581 1369 totam
605 1333 646 1368 et
682 1327 908 1377 Integram
933 1323 1054 1364 illam
1088 1329 1251 1363 terram
1282 1327 1480 1362 nostram
1505 1333 1605 1360 cum
1630 1318 1721 1360 suis
1753 1317 2033 1372 pertinentiis
2058 1318 2239 1359 Iacente

441 1397 552 1438 infra
587 1395 770 1437 Dictum
802 1394 990 1447 burgum
1024 1391 1067 1432 in
1099 1390 1196 1432 vico
1229 1390 1452 1431 furcarum
1487 1403 1539 1430 ex
1568 1387 1832 1430 occidentali
1864 1394 1990 1441 parte
2024 1386 2238 1428 Eiusdem

441 1466 524 1520 vicj
569 1465 683 1506 inter
718 1471 882 1505 terram
921 1460 1253 1516 capellanorum
1291 1459 1476 1501 ecclesie
1514 1457 1801 1500 cathideralis
1834 1456 2153 1499 Abirdonensis
2189 1470 2242 1498 ex

443 1534 624 1588 australj
646 1541 688 1575 et
710 1540 873 1574 terram
898 1532 1122 1586 quondam
1142 1529 1357 1571 Iohannis
1380 1529 1527 1583 mylne
1550 1542 1602 1569 ex
1624 1527 1789 1570 boreali
1812 1526 2013 1581 partibus
2030 1527 2085 1569 ab
2102 1526 2242 1569 altera

443 1612 485 1647 et
537 1617 819 1646 communem
861 1601 979 1643 viam
1034 1600 1219 1654 Regiam
1267 1613 1422 1640 versus
1468 1597 1675 1640 occidens
1721 1604 1764 1638 et
1810 1603 1975 1638 terram
2028 1596 2243 1638 Iohannis

445 1675 663 1729 Symsone
685 1686 839 1714 versus
861 1671 1006 1712 oriens
1040 1671 1153 1712 Cum
1186 1669 1322 1710 libero
1345 1667 1528 1709 introitu
1551 1668 1606 1709 ad
1639 1681 1794 1708 omnes
1825 1673 1976 1720 portas
1999 1665 2244 1708 anteriores

444 1752 486 1786 et
508 1743 747 1785 Interiores
768 1741 933 1783 totiens
956 1740 1161 1794 quotiens
1177 1739 1438 1780 Tenendam
1457 1745 1499 1779 et
1517 1737 1768 1780 habendam
1791 1742 1933 1778 totam
1952 1741 1995 1778 et
2015 1737 2244 1789 Integram

445 1813 610 1855 dictam
634 1819 798 1853 terram
832 1825 932 1852 cum
967 1809 1058 1851 suis
1082 1807 1361 1863 pertinentiis
1383 1807 1554 1861 prefato
1589 1805 1777 1860 Iohannj
1803 1811 1846 1847 et
1880 1804 2136 1847 Elizabetht
2158 1803 2246 1859 hay

446 1896 607 1937 sponse
631 1895 708 1922 sue
741 1893 981 1933 eorumque
1005 1876 1131 1919 alteri
1157 1876 1330 1919 diucius
1354 1874 1522 1917 viuenti
1555 1874 1599 1915 in
1622 1873 1861 1916 coniuncta
1883 1872 2182 1915 infeodatione
2203 1878 2247 1914 et

445 1951 681 1994 heredibus
713 1950 827 1991 inter
857 1949 978 2003 ipsos
1010 1947 1207 2001 legitime
1239 1944 1481 2001 procreatis
1514 1959 1591 1986 seu
1624 1942 1908 1998 procreandis
1942 1942 2101 1996 quibus
2135 1941 2248 1983 forte

446 2020 753 2064 deficientibus
775 2018 1011 2060 heredibus
1033 2015 1420 2071 propinquioribus
1453 2013 1664 2069 legitimis
1687 2013 1826 2067 ipsius
1851 2011 2065 2054 Iohannis
2090 2016 2133 2053 et
2156 2009 2249 2052 suis

447 2090 687 2145 assignatis
710 2089 1045 2143 quibuscunque
1077 2101 1103 2129 a
1129 2086 1256 2128 nobis
1279 2093 1321 2127 et
1356 2083 1699 2127 Successoribus
1731 2081 1895 2124 nostris
1926 2082 1979 2123 de
2012 2093 2249 2135 suppremo

447 2161 626 2203 domino
649 2166 800 2200 nostro
832 2171 933 2212 rege
955 2157 999 2198 in
1021 2157 1148 2199 feodo
1181 2163 1224 2197 et
1247 2154 1496 2197 hereditate
1523 2168 1574 2196 ac
1597 2153 1641 2194 in
1675 2152 1812 2194 libero
1834 2150 2048 2205 burgagio
2082 2150 2250 2219 Ilnper-

448 2237 631 2285 petuum
670 2230 784 2272 Cum
822 2227 942 2270 omni
981 2228 1082 2269 Iure
1119 2233 1161 2268 et
1197 2226 1312 2268 Iuris
1350 2225 1522 2267 clameo
1561 2238 1662 2265 cum
1701 2221 1860 2264 debitis
1894 2218 2171 2275 longitudine
2207 2224 2250 2260 et

450 2300 684 2343 latitudine
721 2313 821 2341 cum
860 2297 1046 2352 edificijs
1087 2299 1276 2350 desuper
1313 2293 1582 2337 constructis
1619 2299 1662 2335 et
1703 2290 2014 2334 construendis
2049 2291 2112 2331 Ac
2150 2301 2252 2330 cum

451 2369 657 2411 omnibus
680 2374 722 2408 et
746 2366 933 2420 singulis
955 2365 1234 2407 libertatibus
1266 2361 1661 2405 commoditatibus
1683 2367 1726 2402 et
1757 2357 2018 2401 asiamentis
2040 2371 2092 2398 ac
2116 2355 2254 2398 Iustis

454 2437 545 2479 suis
578 2435 858 2490 pertinentiis
893 2434 1229 2488 quibuscunque
1267 2433 1322 2473 ad
1360 2430 1605 2485 predictam
1638 2435 1802 2470 terram
1839 2441 1941 2469 cum
1974 2423 2255 2480 pertinentiis

456 2505 761 2560 spectantibus
799 2518 876 2545 seu
915 2504 1038 2544 Iuste
1073 2508 1274 2556 spectare
1315 2499 1568 2542 valentibus
1605 2495 1934 2552 quomodolibet
1971 2494 2016 2535 in
2057 2493 2255 2535 futurum

457 2576 578 2618 Adeo
611 2574 744 2615 libere
776 2572 972 2627 plenarie
1006 2572 1183 2625 Integre
1216 2569 1458 2612 honorifice
1490 2569 1600 2610 bene
1633 2573 1675 2608 et
1704 2566 1749 2607 in
1781 2579 1889 2620 pace
1911 2564 1956 2605 in
1985 2562 2192 2605 omnibus
2214 2567 2257 2603 et

461 2659 538 2700 per
577 2643 727 2685 omnia
769 2642 894 2684 Sicut
936 2641 1084 2695 aliqua
1126 2648 1244 2682 terra
1285 2639 1398 2681 infra
1439 2638 1608 2680 dictum
1646 2637 1834 2689 burgum
1873 2635 1928 2676 ad
1963 2632 2257 2685 seodifirmam

464 2714 595 2755 datur
616 2710 872 2753 conceditur
893 2716 970 2752 aut
993 2708 1244 2763 possidetur
1266 2707 1360 2749 sine
1390 2704 1680 2748 reuocacione
1702 2701 2026 2745 reclamacione
2057 2706 2135 2742 aut
2157 2712 2259 2742 con-

465 2780 730 2824 tradictione
765 2779 946 2834 aliquali
983 2786 1183 2820 nostrum
1217 2784 1293 2820 aut
1326 2789 1633 2819 successorum
1670 2780 1922 2815 nostrorum
1960 2785 2038 2812 seu
2073 2769 2260 2812 aliorum

469 2861 832 2903 quorumcunque
870 2846 1194 2889 FACIENDO
1231 2844 1333 2887 inde
1367 2842 1599 2886 annuatim
1637 2840 1741 2895 dictj
1781 2840 2005 2882 Iohannes
2038 2843 2081 2880 et
2116 2835 2262 2878 Eliza-

470 2919 597 2961 betht
658 2931 823 2974 sponsa
885 2929 965 2958 sua
1032 2928 1273 2971 eorumque
1335 2913 1447 2956 alter
1513 2906 1679 2955 diutius
1744 2909 1900 2953 viuens
1968 2913 2011 2950 et
2079 2906 2265 2948 heredes
