2524 3418
768 305 940 348 Rentale
972 304 1154 347 obituum
1186 309 1222 347 et
1253 303 1652 347 Anniuersariorum
2027 318 2107 363 219

423 421 583 464 Obitus
618 421 800 463 Roberti
833 421 1017 463 blinsele
1050 423 1273 475 quondam
1306 421 1518 476 prepositi
1547 423 1600 463 de
1632 422 1852 463 Abirdene
1887 423 1945 464 Et
1979 423 2106 465 eliza-
2136 432 2278 467 f01.87²

306 492 431 533 betht
473 492 593 539 Wod
635 491 836 545 coniugis
879 505 955 532 sue
993 492 1060 533 Ad
1102 492 1242 533 altare
1284 491 1540 533 beatissime
1580 491 1765 545 virginis
1806 492 1944 533 marie
1988 493 2107 534 Infra
2138 519 2260 551 Obitus
2277 521 2342 552 Ro-

305 561 471 603 dictam
523 560 757 602 ecclesiam
817 559 1033 602 situatum
1086 559 1130 601 in
1182 559 1370 602 ecclesia
1421 559 1510 614 diuj
1564 559 1742 614 nicolaij
1796 561 1849 601 de
1900 560 2107 602 abirdene
2137 562 2398 613 bestiblinseltj

305 631 504 685 Quorum
537 628 904 670 Anniuersarium
939 629 1224 671 celebrabunt
1256 629 1499 671 Annuatim
1536 629 1763 683 Exequias
1797 629 2104 671 defunctorum
2137 607 2399 682 ἓξῐᾎὲζὲξὲἲῃ

303 701 356 741 de
373 700 556 754 placebo
575 705 617 740 et
636 699 773 753 dirige
796 699 840 740 in
865 699 1031 740 Sabato
1054 699 1254 753 proximo
1277 706 1376 753 post
1398 699 1562 741 festum
1581 699 1895 754 Apostolorum
1919 699 2105 754 philippi

303 776 345 810 et
370 769 518 822 Iacobj
545 783 630 823 quo
652 768 721 810 die
745 769 956 810 collector
987 783 1190 810 mensam
1224 776 1391 811 statuet
1414 776 1456 811 et
1479 770 1701 824 cooperiet
1731 784 1878 824 panno
1901 770 2006 812 linio
2029 778 2105 812 aut

302 837 431 879 laneo
463 839 573 879 duos
606 852 626 878 s
657 837 834 879 valente
866 852 944 891 per
976 837 1122 891 ipsum
1155 844 1305 892 empto
1337 853 1472 892 prope
1506 838 1768 892 Sepulcrum
1792 838 1898 880 dicti
1923 839 2106 881 Roberti

301 914 500 961 tempore
537 907 822 961 exequiarum
856 914 899 948 et
937 907 1069 961 eliget
1103 907 1331 949 trisdecim
1369 922 1588 963 pauperes
1621 909 1914 964 personaliter
1949 911 2105 951 adesse

301 984 480 1018 orantes
511 991 650 1031 vsque
687 978 742 1019 ad
775 977 1154 1031 complementum
1195 978 1482 1032 exequiarum
1517 993 1595 1033 pro
1633 980 1776 1022 salute
1814 979 1961 1022 anime
1999 979 2105 1022 dicti

302 1045 484 1088 Roberti
536 1046 738 1100 coniugis
790 1061 867 1088 sue
910 1046 1250 1101 animarumque
1296 1048 1486 1102 prolium
1540 1062 1721 1091 suarum
1774 1057 2010 1103 parentum
2062 1056 2104 1090 et

299 1116 498 1158 omniurn
525 1116 721 1158 fidelium
748 1116 1057 1158 defunctorum
1086 1131 1218 1171 super
1247 1131 1379 1170 quam
1408 1132 1610 1159 mensam
1640 1119 1763 1159 Idem
1792 1119 2002 1160 collector
2029 1118 2102 1172 xiij

298 1199 515 1239 pauperes
564 1185 861 1227 frumentinos
903 1186 1090 1227 duorum
1134 1185 1416 1227 denariorum
1468 1186 1632 1228 locabit
1675 1201 1785 1240 quos
1827 1201 1928 1228 cum
1971 1185 2104 1228 certis

297 1255 504 1297 carnibus
547 1255 743 1296 Incoctis
785 1261 827 1296 et
870 1255 1042 1296 duobus
1084 1254 1277 1296 denariis
1317 1255 1554 1309 vnicuique
1596 1255 1815 1297 dictorum
1860 1270 2104 1310 pauperum

295 1324 493 1378 exequiis
525 1324 760 1366 celebratis
791 1324 1025 1366 distribuet
1063 1323 1404 1367 extendentibus
1437 1326 1492 1367 ad
1525 1339 1748 1367 summam
1783 1326 1869 1367 Sex
1901 1340 1922 1366 s
1953 1332 1996 1366 et
2029 1339 2106 1366 sex

295 1395 321 1436 d
346 1395 535 1448 Insuper
556 1393 823 1448 prelibatum
856 1407 1054 1448 pannum
1078 1394 1262 1448 pauperi
1285 1394 1484 1448 erogabit
1516 1396 1630 1436 Item
1654 1394 1876 1436 exhibebit
1901 1394 2104 1436 collacio-

294 1464 424 1506 nibus
447 1464 742 1506 confratribus
775 1463 1020 1518 capellanis
1054 1463 1227 1518 collegij
1253 1464 1337 1506 hac
1360 1471 1490 1506 nocte
1512 1478 1598 1506 vno
1631 1464 1728 1506 loco
1751 1464 1940 1506 honesto
1969 1463 2104 1505 vnitis

296 1534 477 1588 Septem
519 1548 540 1575 s
582 1539 624 1575 et
665 1533 706 1587 vj
751 1534 778 1574 d
827 1533 1004 1587 preconj
1045 1534 1234 1587 burgum
1270 1533 1563 1576 circumeunti
1605 1540 1697 1575 tres
1729 1535 1756 1576 d
1789 1534 1984 1576 Sacriste
2025 1548 2103 1588 pro

293 1618 616 1658 campanarum
651 1603 978 1657 pulsationibus
1015 1604 1084 1658 xxj
1127 1605 1153 1645 d
1195 1618 1273 1658 pro
1312 1619 1411 1646 cera
1453 1611 1495 1646 et
1536 1604 1709 1646 factura
1751 1604 1950 1646 eiusdem
1992 1604 2104 1645 duos

292 1673 458 1716 solidos
481 1672 714 1715 annuatim
739 1673 799 1714 Et
832 1673 1078 1727 capellanis
1101 1673 1274 1728 collegij
1300 1688 1356 1715 xx
1379 1688 1399 1715 s
1422 1674 1494 1728 quj
1521 1674 1807 1716 celebrabunt
1831 1673 2016 1715 missam
2050 1674 2102 1715 de

292 1751 398 1786 nota
420 1759 500 1799 pro
523 1743 759 1786 animabus
782 1743 1021 1785 antedictis
1052 1743 1097 1785 in
1120 1743 1345 1786 dominica
1368 1744 1571 1799 sequenti
1595 1745 1649 1786 ad
1672 1744 1812 1786 altare
1844 1743 2102 1786 beatissime

290 1814 474 1869 virginis
507 1813 644 1856 marie
674 1828 776 1855 cum
806 1813 1025 1868 trigintali
1058 1812 1102 1855 in
1137 1813 1380 1856 Ebdomita
1413 1813 1616 1868 sequenti
1649 1828 1729 1869 pro
1761 1813 1920 1868 quibus
1960 1813 2101 1856 Infeo-

290 1885 452 1927 dantur
474 1884 518 1926 in
541 1885 714 1926 duabus
737 1883 899 1926 marcis
922 1885 975 1925 de
997 1883 1127 1925 terris
1145 1885 1198 1926 de
1221 1885 1542 1939 petmukstoun
1565 1891 1608 1926 et
1631 1899 1718 1926 vna
1741 1898 1892 1926 marca
1910 1884 1962 1926 de
1984 1890 2101 1926 terra

290 1957 515 2010 quondam
539 1954 758 1998 Willelmi
781 1954 939 1997 blinsel
962 1954 1007 1996 in
1028 1953 1127 1996 vico
1148 1954 1372 1997 furcarum
1396 1962 1444 1997 ut
1467 1954 1724 2010 responsuri
1748 1954 1836 1997 sint

402 2094 682 2137 Venerabilis
722 2093 789 2136 vir
830 2094 1045 2149 magister
1087 2095 1255 2150 Symon
1292 2094 1449 2137 doddis
1493 2096 1659 2138 Rector
1700 2096 1754 2137 de
1797 2094 2099 2149 Inuernochty
2131 2098 2296 2141 Magister
2369 2142 2376 2149 ·

284 2165 488 2208 fundauit
529 2180 664 2207 vnam
698 2165 882 2207 missam
917 2167 970 2207 de
1005 2165 1176 2220 Requie
1207 2165 1328 2208 omni
1369 2166 1477 2208 feria
1519 2167 1715 2208 secunda
1747 2165 2010 2207 celebranda
2042 2166 2097 2207 ad
2128 2142 2396 2219 Ξζὲἓξέἓῗξῖε

285 2236 424 2278 altare
467 2235 622 2278 Sancti
664 2237 839 2277 Andree
881 2236 1071 2290 apostoli
1113 2251 1191 2291 pro
1227 2237 1379 2279 anima
1414 2236 1575 2279 nobilis
1612 2242 1655 2279 et
1694 2236 1888 2278 Illustris
1929 2235 2096 2278 domini
2127 2231 2290 2273 uerochty

285 2307 509 2360 quondam
554 2306 769 2348 Iohannis
811 2313 1008 2349 steuarte
1052 2307 1241 2350 Comitis
1283 2309 1336 2350 de
1382 2294 1479 2350 mar
1519 2315 1562 2350 et
1603 2307 1851 2362 gereauche
1894 2308 1953 2348 Et
1995 2313 2095 2361 post

285 2377 517 2418 decessum
542 2376 681 2431 ipsius
704 2377 908 2432 magistri
932 2378 1142 2432 Symonis
1164 2393 1242 2433 pro
1266 2378 1410 2420 salute
1436 2378 1584 2420 anime
1607 2393 1685 2420 sue
1709 2384 1751 2420 et
1774 2377 1880 2419 dicti
1907 2376 2097 2420 Comitis

285 2459 363 2500 pro
386 2446 653 2500 quaquidem
676 2447 814 2489 missa
837 2447 1063 2502 perpetuis
1084 2448 1359 2502 temporibus
1389 2449 1602 2490 duratura
1626 2447 1917 2489 Infeodantur
1940 2445 2097 2500 Capel-

285 2514 374 2569 lanj
420 2515 603 2571 Collegij
649 2516 693 2558 in
735 2516 893 2572 viginti
937 2518 1109 2560 duobus
1159 2517 1312 2560 solidis
1363 2517 1598 2560 annuatim
1650 2519 1704 2560 de
1746 2517 1937 2572 quadam
1979 2523 2096 2558 terra

285 2586 508 2638 quondam
552 2585 768 2628 Iohannis
812 2587 1031 2629 anderson
1074 2602 1209 2642 prope
1251 2594 1415 2630 terram
1467 2587 1643 2642 gilberti
1695 2600 1903 2629 mureson
1945 2592 1991 2627 vt
2032 2600 2096 2627 re-

284 2655 532 2709 spondeant

401 2793 634 2836 Discretus
670 2800 713 2836 et
746 2796 827 2837 deo
860 2797 1048 2838 deuotus
1079 2796 1145 2838 vir
1177 2796 1391 2851 magister
1423 2797 1603 2839 thomas
1636 2810 1871 2838 muresone
1902 2794 2094 2837 vicarius
2127 2805 2292 2846 Magister

282 2864 335 2905 de
364 2864 566 2918 premeth
592 2864 796 2907 fundauit
817 2880 952 2908 vnam
983 2867 1167 2909 missam
1191 2869 1244 2909 de
1269 2867 1440 2922 Requie
1473 2867 1594 2909 omni
1615 2866 1723 2908 feria
1755 2866 1951 2908 secunda
1984 2864 2094 2906 cele·
2126 2850 2386 2925 ἑξῧξῗῗῗεᾞῗὲξ

282 2934 497 2976 brandam
541 2935 597 2977 ad
638 2935 778 2978 altare
820 2936 975 2979 Sancti
1017 2934 1248 2992 sanguinis
1289 2952 1367 2992 pro
1400 2938 1545 2980 salute
1582 2936 1730 2980 anime
1762 2950 1840 2979 sue
1874 2942 1916 2978 et
1946 2935 2093 2978 anime
2125 2937 2166 2968 de
2183 2935 2351 2978 premetht
