2524 3418
631 314 762 356 Carta
784 312 1052 368 fundacionis
1084 312 1241 367 henricj
1271 311 1402 366 Leyth
1433 311 1479 352 de
1512 310 1651 352 barnis
1963 311 2043 363 183

236 428 419 484 virginis
451 429 589 471 marie
623 429 794 471 Ibidem
828 428 995 470 situata
1028 443 1105 483 pro
1138 428 1282 470 salute
1315 426 1461 469 anime
1491 440 1587 468 mee
1609 424 1660 467 'et
1691 424 1838 467 anime
1859 424 2042 479 villelmj

236 499 290 540 de
319 498 477 540 cadiou
506 499 730 552 quondam
763 496 995 551 burgensis
1027 497 1080 538 de
1112 496 1320 538 abirdene
1346 495 1584 536 Tenendas
1607 500 1649 535 et
1672 494 1901 535 habendas
1927 498 2047 534 totas

237 567 434 621 integras
470 566 703 608 duodecim
743 580 917 607 marcas
954 579 1202 606 annuorum
1247 563 1500 605 reddituum
1539 576 1640 604 cum
1678 559 1965 615 pertinenciis
2002 567 2044 601 et

238 649 339 676 cum
372 634 578 676 omnibus
611 639 653 674 et
686 633 873 687 singulis
906 632 1186 674 libertatibus
1218 630 1613 673 commoditatibus
1639 636 1681 671 et
1704 628 1967 671 asiamentis
1994 642 2044 669 ac

239 701 378 743 Iustis
408 701 499 743 suis
526 700 812 755 pertinenciis
845 700 1180 754 quibuscunque
1214 699 1383 753 prefato
1416 698 1596 740 domino
1618 697 1814 739 villelmo
1841 711 1919 751 pro
1950 702 2046 737 toto

237 777 438 824 tempore
475 769 564 811 vite
601 783 679 810 sue
716 768 850 810 libere
883 768 1029 822 quiete
1066 767 1262 822 plenarie
1300 767 1470 821 integre
1505 766 1746 808 honorifice
1783 766 1894 807 bene
1925 771 1968 806 et
2001 764 2046 805 in

237 853 347 893 pace
376 852 478 880 cum
507 837 638 891 plena
667 843 710 878 et
740 836 878 878 libera
906 842 1128 890 potestate
1155 835 1393 889 recipiendi
1426 849 1504 889 per
1535 849 1581 875 se
1613 834 1681 875 vel
1714 838 2045 887 procuratorem

238 920 368 947 suum
402 904 634 947 duodecim
669 918 844 945 marcas
876 903 1157 957 supradictas
1190 917 1440 944 annuorum
1468 902 1722 944 reddituum
1746 901 2046 955 predictorum

238 988 315 1028 pro
338 973 505 1014 eisdem
536 972 572 1013 si
604 978 646 1013 et
680 971 853 1025 quoties
885 985 996 1024 opus
1027 971 1157 1012 fuerit
1189 970 1481 1024 distringendi
1505 977 1547 1011 et
1571 969 1782 1024 namandj
1808 983 1981 1011 necnon
2004 975 2047 1010 et

237 1056 396 1083 namos
418 1041 462 1082 in
486 1040 660 1082 defectu
684 1038 926 1080 solucionis
959 1038 1178 1080 dictorum
1207 1053 1456 1079 annuorum
1486 1038 1740 1079 reddituum
1762 1037 1982 1078 vendendi
2004 1043 2047 1078 et

237 1108 461 1152 alienandi
494 1123 544 1150 ac
578 1106 728 1149 omnia
761 1106 848 1148 alia
871 1112 913 1148 et
937 1106 1114 1160 singula
1145 1105 1336 1147 faciendi
1369 1112 1411 1147 et
1444 1105 1674 1147 exercendi
1698 1119 1781 1159 que
1805 1104 1920 1146 circa
1953 1119 2047 1159 pre-

237 1178 375 1220 missa
406 1175 658 1218 necessaria
689 1174 851 1216 fuerint
884 1181 961 1216 aut
991 1174 1323 1228 quomodolibet
1353 1182 1604 1228 opportuna
1635 1175 1824 1227 Insuper
1853 1174 2048 1215 concedo

236 1260 314 1301 pro
347 1260 418 1286 me
450 1250 493 1286 et
526 1243 763 1285 heredibus
795 1242 938 1284 eidem
971 1241 1152 1283 domino
1186 1241 1382 1283 villelmo
1419 1241 1603 1283 liberam
1641 1247 1910 1295 potestatem
1949 1242 2048 1283 sub-

236 1313 450 1357 stituendi
481 1314 704 1368 ydoneum
738 1310 1021 1365 capellanum
1055 1311 1110 1352 ad
1143 1311 1440 1351 exercendum
1474 1309 1667 1351 officium
1701 1324 1832 1350 suum
1862 1309 1906 1349 in
1929 1309 2048 1351 dicta

236 1382 485 1438 capellania
522 1380 696 1435 quoties
734 1380 816 1421 sibi
854 1394 967 1433 opus
1003 1378 1135 1420 fuerit
1172 1378 1241 1420 vel
1279 1378 1518 1432 expediens
1562 1379 1614 1419 In
1658 1377 1785 1419 cuius
1826 1376 1887 1418 rei
1924 1378 2047 1419 testi-

236 1452 436 1495 monium
484 1449 680 1504 sigillum
728 1462 878 1489 meum
924 1446 1207 1501 presentibus
1254 1453 1321 1487 est
1369 1460 1618 1500 appensum
1670 1446 1787 1500 apud
1839 1444 2048 1486 abirdene

236 1518 570 1576 quartodecimo
612 1517 682 1559 die
723 1516 891 1558 mensis
938 1515 1041 1570 maij
1089 1529 1206 1557 anno
1253 1514 1419 1569 dominj
1467 1514 1706 1556 millesimo
1753 1513 2048 1568 quadringen-

235 1590 396 1641 tesimo
432 1587 775 1644 quadragesimo
808 1586 951 1641 primo

1044 1701 1238 1743 XCVII.

352 1821 601 1863 MNIBUS
633 1819 750 1862 hanc
788 1820 972 1861 Cartam
1005 1817 1169 1859 visuris
1204 1817 1273 1859 vel
1308 1815 1538 1858 Audituris
1570 1814 1779 1857 henricus
1816 1816 1869 1857 de
1906 1815 2049 1870 leytht

407 1892 460 1933 de
492 1889 642 1933 barnis
675 1889 867 1931 salutem
899 1888 944 1930 in
983 1889 1163 1931 domino
1196 1887 1350 1929 sciatis
1382 1901 1453 1928 me
1485 1886 1661 1928 dedisse
1694 1885 1969 1928 concessisse
2007 1893 2050 1928 et

239 1961 324 2003 hac
356 1966 561 2015 presente
594 1965 718 2002 carta
750 1974 850 2001 mea
883 1959 1173 2001 confirmasse
1205 1972 1341 1999 vnum
1375 1971 1573 1999 annuum
1606 1955 1828 1998 redditum
1861 1957 2049 1998 duarum

239 2046 491 2074 marcarum
534 2037 770 2073 exeuntem
808 2031 860 2072 de
897 2029 941 2085 ly
976 2029 1164 2084 galeroft
1209 2030 1391 2071 Iacente
1429 2042 1481 2069 ex
1517 2033 1643 2081 parte
1680 2025 1845 2068 boreali
1883 2025 2051 2067 montis

238 2101 374 2143 castri
406 2100 533 2155 burgi
566 2101 619 2142 de
651 2099 859 2142 abirdene
892 2099 1008 2141 inter
1039 2099 1229 2141 crostum
1261 2098 1414 2139 thome
1449 2096 1626 2152 Kynidy
1657 2095 1826 2138 dictum
1859 2095 1965 2150 phyl
1996 2110 2050 2150 ye

238 2186 321 2226 cop
344 2185 397 2213 ex
418 2177 544 2226 parte
571 2170 758 2212 australi
780 2184 833 2211 ex
854 2176 979 2224 parte
1001 2184 1089 2211 vna
1112 2175 1154 2210 et
1178 2169 1401 2223 quoddam
1429 2167 1618 2209 croftum
1644 2166 1830 2208 fratrum
1854 2165 2050 2220 predica-

236 2247 386 2283 torum
423 2255 476 2283 ex
512 2246 638 2295 parte
675 2240 840 2282 boreali
877 2254 930 2281 ex
965 2246 1091 2294 parte
1129 2239 1270 2280 altera
1305 2239 1370 2279 Ac
1406 2252 1542 2280 vnum
1586 2251 1784 2279 annuum
1826 2235 2049 2278 redditum

237 2312 390 2354 decem
417 2325 669 2353 marcarum
703 2324 954 2352 annuorum
988 2309 1242 2351 reddituum
1270 2314 1505 2350 exeuntem
1533 2306 1765 2349 annuatim
1793 2307 1846 2347 de
1874 2305 2050 2359 quibus-

237 2381 339 2423 dam
361 2380 491 2427 terris
512 2380 738 2435 burgagiis
762 2379 1019 2422 lacentibus
1041 2379 1155 2421 infra
1177 2378 1347 2420 dictum
1371 2379 1560 2432 burgum
1584 2378 1636 2419 de
1660 2376 1840 2418 abirden
1857 2381 1904 2416 vt
1927 2380 2050 2417 carta

237 2453 340 2496 inde
361 2454 565 2497 confecta
586 2454 761 2510 plenius
787 2460 1030 2496 attestatur
1052 2453 1096 2494 in
1119 2467 1278 2507 puram
1301 2458 1344 2494 et
1368 2457 1632 2506 perpetuam
1661 2448 1944 2492 elimosinam
1967 2448 2049 2490 deo

238 2527 281 2563 et
304 2522 432 2564 beate
455 2522 593 2564 marie
615 2528 658 2564 et
680 2522 888 2565 omnibus
911 2521 1080 2564 sanctis
1097 2536 1149 2563 ac
1170 2521 1244 2576 vnj
1266 2520 1498 2575 capellano
1516 2534 1666 2562 coram
1692 2517 1896 2572 Imagine
1919 2518 2048 2559 beate

238 2590 437 2645 Virginis
471 2591 609 2633 marie
643 2592 698 2634 ad
733 2592 876 2633 altare
913 2597 1172 2633 sanctorum
1213 2588 1446 2643 Laurentij
1486 2594 1529 2630 et
1567 2587 1735 2641 ninianj
1776 2586 1820 2627 in
1859 2584 2048 2627 ecclesia

238 2660 356 2714 beatj
395 2659 556 2714 nicolaj
596 2661 648 2701 de
681 2659 889 2702 abirdene
927 2659 1256 2714 imperpetuum
1295 2656 1447 2699 diuina
1484 2655 1750 2698 celibraturo
1788 2668 1866 2708 pro
1904 2653 2048 2695 salute

240 2727 388 2770 anime
411 2740 508 2769 mee
532 2734 574 2769 et
597 2727 745 2770 anime
767 2727 964 2782 vilhelmj
997 2728 1050 2769 de
1081 2726 1238 2769 cadiou
1266 2725 1491 2779 quondam
1521 2723 1756 2778 burgensis
1785 2722 1889 2776 dictj
1922 2721 2049 2775 burgi

239 2796 592 2839 TENENDOS
621 2802 664 2838 et
693 2797 923 2838 habendos
944 2802 1065 2837 totos
1087 2801 1130 2836 et
1160 2794 1357 2848 integros
1388 2807 1561 2836 annuos
1589 2792 1788 2834 redditus
1816 2789 2050 2832 duodecim

243 2879 495 2907 marcarum
520 2879 621 2906 cum
644 2864 932 2919 pertinenciis
955 2864 1074 2906 dicto
1098 2862 1330 2917 capellano
1353 2868 1395 2904 et
1420 2861 1512 2904 suis
1539 2860 1870 2903 successoribus
1892 2859 2051 2914 imper-

245 2939 430 2989 petuum
457 2934 513 2976 ad
543 2934 654 2976 duos
683 2932 786 2988 annj
817 2932 1035 2975 terminos
1063 2931 1176 2974 infra
1205 2932 1393 2985 burgum
1415 2930 1594 2973 vsuales
1623 2934 1906 2985 pentecostes
1933 2927 2050 2970 vide-

2080 1829 2138 1861 fol.
2156 1829 2196 1864 73
2207 1827 2219 1848 2

2082 1917 2185 1948 Carta

2079 1959 2292 1992 fundacionis

2080 2003 2207 2045 henricj

2082 2047 2208 2088 Leytht

2080 2090 2122 2123 de
2138 2089 2252 2123 barnis
