2524 3418
813 321 854 362 F
855 320 1025 362 undatio
1056 323 1284 375 margarete
1316 318 1530 374 Craufurd
1995 330 2076 373 237

270 439 570 481 PIENDUM
604 445 646 479 et
679 438 919 479 leuandum
952 437 1005 477 de
1037 442 1132 477 tota
1164 441 1207 476 et
1240 435 1413 488 integra
1444 441 1563 476 terra
1595 440 1830 488 prenotata
1861 448 1962 474 cum
1986 434 2077 475 suis

268 507 556 562 pertinenciis
592 508 648 549 ad
685 508 796 548 duos
831 505 934 559 annj
972 505 1187 546 terminos
1223 504 1401 546 vsuales
1437 503 1752 558 penthecostes
1791 502 1997 544 videlicet
2035 509 2078 544 et

268 577 412 620 sancti
455 577 633 631 martinj
678 577 722 618 in
763 590 891 631 yeme
932 589 1010 629 per
1051 575 1233 629 equales
1269 574 1502 628 porciones
1538 574 1660 615 Adeo
1706 572 1840 615 libere
1881 571 2078 626 plenarie

267 647 439 702 integre
476 646 718 689 honorifice
755 647 866 688 bene
904 651 946 687 et
988 645 1032 686 in
1084 659 1193 699 pace
1235 644 1280 685 in
1322 643 1530 686 omnibus
1571 649 1614 685 et
1656 657 1734 698 per
1770 641 1920 684 omnia
1963 641 2077 684 sicut

268 717 428 771 aliquis
460 731 636 758 annuus
664 715 863 758 redditus
895 715 939 756 in
972 729 1129 769 puram
1159 721 1202 755 et
1232 720 1498 768 perpetuum
1533 712 1816 754 elimosinam
1848 712 1979 753 datur
2002 718 2077 752 aut

267 786 520 840 possidetur
542 786 637 828 sine
660 785 950 827 reuoeacione
968 783 1149 838 aliquali
1174 783 1499 825 FACIENDO
1524 782 1626 823 inde
1650 781 1796 823 dictus
1819 781 2078 835 capellanus

268 863 311 898 et
344 857 408 911 suj
451 858 743 899 Successores
781 855 948 897 Diuina
973 853 1194 908 Suffragia
1231 868 1308 907 pro
1341 852 1652 894 fundatoribus
1682 851 1798 893 dicte
1832 849 2079 905 capellanie

267 926 467 969 Tantum
501 941 578 981 pro
616 926 737 968 omni
775 925 862 968 alio
900 924 1088 966 seruicio
1126 923 1315 965 seculari
1353 923 1585 964 exactione
1624 936 1701 963 seu
1741 922 1962 963 demanda
1995 935 2078 975 que

269 995 371 1038 inde
393 995 506 1050 exigj
532 995 694 1050 poterit
717 1001 793 1037 aut
816 993 978 1048 requirj
1015 994 1075 1034 Et
1109 994 1208 1047 Ego
1239 1007 1343 1034 vero
1377 992 1522 1033 dictus
1549 993 1752 1033 robertus
1783 991 1969 1032 heredes
1992 990 2078 1032 mei

269 1071 311 1107 et
344 1064 560 1119 assignati
597 1071 742 1106 totum
779 1069 822 1105 et
857 1062 1081 1117 integrum
1120 1076 1319 1103 annuum
1353 1061 1576 1102 redditum
1617 1067 1806 1114 quatuor
1837 1059 2078 1101 solidorum

267 1141 552 1190 prenotatum
575 1149 676 1176 curn
701 1133 794 1175 suis
815 1131 1104 1187 pertinenciis
1127 1131 1298 1185 prefato
1316 1131 1550 1185 capellano
1569 1137 1612 1172 et
1634 1130 1726 1171 suis
1749 1129 2080 1171 successoribus

201 1195 204 1198 Α
267 1204 312 1245 in
335 1204 542 1247 omnibus
564 1211 606 1246 et
630 1218 707 1258 per
724 1203 875 1252 omnia
891 1209 937 1244 vt
956 1201 1224 1256 premissum
1248 1207 1315 1242 est
1338 1215 1416 1254 per
1437 1214 1594 1242 omnes
1612 1206 1757 1241 terras
1780 1213 1904 1240 meas
1927 1204 2081 1239 contra

268 1289 424 1317 omnes
447 1274 659 1316 mortales
680 1272 1061 1315 varantizabimus
1079 1270 1436 1326 acquietabimus
1454 1277 1497 1312 et
1522 1271 1860 1324 Imperpetuum
1879 1268 2081 1310 defende-

269 1359 369 1386 mus
403 1346 467 1386 IN
504 1345 699 1387 CUIUS
734 1344 844 1385 REI
878 1341 1188 1384 testimonium
1224 1340 1328 1382 huic
1365 1339 1560 1394 presenti
1596 1345 1716 1381 carte
1749 1353 1847 1379 mee
1874 1337 2079 1391 Sigillum

267 1429 416 1456 meum
440 1420 483 1456 et
516 1413 712 1469 sigillum
745 1412 919 1469 prouidi
941 1412 1021 1467 virj
1051 1413 1227 1454 Andree
1250 1411 1400 1453 cullan
1434 1409 1620 1452 senioris
1652 1408 1781 1451 vnius
1813 1408 2079 1450 balliuorum

266 1484 465 1526 eiusdem
494 1484 622 1539 burgj
658 1499 709 1526 ac
742 1483 911 1526 datoris
945 1483 1104 1525 Sasine
1136 1489 1240 1524 sunt
1273 1495 1471 1536 appensa
1504 1481 1622 1535 apud
1655 1479 1836 1521 abirden
1867 1477 2081 1519 vicesimo

267 1554 410 1609 primo
442 1554 512 1596 die
547 1554 716 1596 mensis
755 1553 963 1596 Octobris
994 1554 1125 1594 Anno
1163 1551 1332 1594 domini
1369 1550 1608 1592 millesimo
1641 1546 2081 1603 quadringentesimo

268 1625 575 1680 Nonagesimo
598 1624 753 1679 quinto
777 1626 940 1667 Coram
965 1622 1051 1664 hiis
1073 1621 1264 1664 testibus
1289 1621 1409 1675 forsy
1431 1621 1655 1661 dauesone
1681 1618 1843 1659 Iacobo
1866 1616 2082 1670 kennerty

268 1695 446 1737 Iuniore
477 1696 634 1737 thoma
665 1694 904 1736 hatmakar
937 1693 1138 1735 Iohanne
1169 1691 1318 1733 fechat
1350 1688 1646 1744 burgensibus
1669 1688 1847 1728 Andrea
1879 1685 2079 1739 nauchty

266 1767 511 1820 sergeando
534 1772 576 1808 et
600 1765 781 1808 domino
815 1764 1017 1806 Iohanne
1041 1762 1274 1816 stirueling
1296 1759 1471 1802 notario
1494 1758 1672 1814 publico
1697 1763 1766 1799 etc

1101 1942 1241 1985 CXV.

393 2048 642 2090 MNIBUS
674 2047 791 2089 hanc
822 2048 1007 2090 Castam
1029 2045 1191 2087 visuris
1211 2045 1281 2087 vel
1304 2042 1535 2086 Audituris
1560 2044 1816 2097 Margareta
1842 2040 2073 2082 craufurde

438 2116 594 2158 relicta
616 2117 841 2171 quondam
865 2114 1092 2157 alexandri
1118 2115 1241 2156 Rede
1263 2115 1316 2155 de
1334 2112 1585 2168 petfodellis
1603 2118 1803 2153 eternam
1825 2110 1871 2151 in
1893 2109 2073 2152 domino

266 2185 470 2228 Salutem
494 2200 595 2228 cum
617 2200 775 2228 omnes
804 2186 1024 2228 stabimus
1046 2192 1150 2227 ante
1172 2184 1368 2226 tribunal
1391 2183 1557 2237 dominj
1590 2181 1730 2224 nostri
1761 2181 1896 2223 Ihesu
1919 2180 2073 2222 christi

266 2255 361 2298 siue
397 2257 563 2299 bonum
601 2257 695 2299 siue
732 2257 902 2299 malum
938 2256 1069 2298 fuerit
1111 2254 1333 2309 recepturi
1370 2260 1499 2308 prout
1541 2253 1586 2294 in
1629 2266 1810 2307 corpore
1851 2250 2073 2306 gessimus

264 2324 401 2379 igitur
440 2325 558 2368 diem
595 2326 779 2381 extremj
821 2326 978 2380 Iudicij
1016 2325 1222 2380 operibus
1259 2322 1560 2365 misericordie
1598 2322 1836 2376 expediens
1873 2327 1940 2362 est
1978 2334 2073 2374 pre-

265 2395 418 2437 uenire
438 2403 486 2438 vt
519 2397 740 2439 seminata
762 2396 807 2438 in
829 2396 958 2439 terris
981 2395 1216 2450 multiplicj
1241 2395 1387 2436 fructu
1411 2392 1676 2448 colligamus
1698 2391 1742 2433 in
1766 2390 1872 2433 celis
1894 2390 2073 2431 VNDE

2106 2045 2163 2077 fol.
2182 2045 2242 2079 951

2107 2106 2278 2138 Fundatio

2106 2156 2295 2191 margarete

2107 2194 2272 2225 Craufurd

266 2466 480 2508 noueritis
503 2481 574 2509 me
595 2482 674 2522 pro
697 2468 852 2510 Salute
875 2467 1023 2509 anime
1046 2481 1144 2508 mee
1167 2465 1316 2508 anime
1338 2463 1443 2518 dictj
1469 2463 1694 2518 quondam
1722 2459 1946 2514 alexandrj
1971 2459 2074 2500 rede
2096 2497 2111 2510 ‚

266 2536 320 2577 de
357 2536 607 2590 petfodellis
643 2544 880 2592 parentum
918 2543 1172 2579 nostrorum
1202 2535 1535 2577 benefactorum
1573 2532 1825 2575 animarum
1858 2543 2010 2571 eorum
2049 2543 2074 2570 a

266 2605 426 2659 quibus
449 2606 598 2662 aliqua
629 2609 745 2650 bona
777 2608 925 2650 minus
951 2607 1066 2649 iuste
1089 2606 1329 2648 habuimus
1360 2611 1403 2646 et
1436 2602 1636 2646 omnium
1658 2601 1858 2644 fidelium
1881 2599 2074 2641 Defunc—

265 2681 413 2717 torum
456 2676 501 2718 in
533 2677 748 2719 honorem
791 2677 860 2720 dei
898 2676 1219 2732 omnipotentis
1255 2674 1514 2718 beatissime
1550 2671 1735 2727 virginis
1776 2669 1914 2712 marie
1955 2667 2074 2710 beati

267 2743 478 2787 nicholaii
502 2746 654 2801 Sanctj
680 2746 900 2789 cristofori
923 2746 1119 2788 martiris
1142 2760 1194 2787 ac
1217 2744 1417 2787 omnium
1441 2742 1606 2785 ciuium
1641 2739 1872 2783 celestium
1899 2737 2074 2779 dedisse

267 2815 544 2857 concessisse
577 2816 833 2871 assignasse
865 2823 909 2858 et
941 2817 1024 2858 hac
1058 2814 1253 2870 presentj
1289 2820 1413 2856 carta
1436 2827 1536 2854 mea
1559 2811 1848 2853 confirmasse
1871 2805 2075 2849 discretis

267 2890 310 2926 et
347 2885 490 2927 doctis
526 2885 632 2928 viris
674 2894 828 2929 curato
869 2894 912 2929 et
955 2885 1200 2941 capellanis
1237 2884 1359 2927 chori
1401 2882 1587 2925 ecclesie
1629 2879 1919 2935 perrochialis
1967 2876 2073 2919 dicti

266 2954 392 3009 burgj
428 2961 574 2997 toturn
609 2962 652 2997 et
685 2956 908 3010 integrum
946 2969 1145 2997 annuum
1182 2941 1405 2996 redditum
1443 2964 1593 2992 meum
1624 2948 1782 3003 viginti
1820 2946 2072 2988 Solidorum
