2524 3418
451 279 711 322 Presentacio
740 278 953 334 Johannis
984 278 1034 319 H
1037 291 1207 332 ouysone
1237 278 1293 319 ad
1323 277 1454 318 altare
1485 277 1633 319 Sancte
1668 277 1809 319 Crucis
1991 290 2044 332 57

232 395 362 438 terris
384 401 427 438 et
450 394 602 437 croftis
631 392 927 448 infrascriptis
948 392 1155 435 videlicet
1184 394 1238 435 de
1261 394 1456 447 quadam
1479 398 1596 434 terra
1621 394 1802 434 Iacente
1824 392 1868 434 in
1899 392 2044 447 capite

231 465 315 521 vicj
337 465 470 520 castrj
495 465 612 507 inter
626 470 792 506 terram
810 464 1024 506 heredum
1043 464 1268 517 quondam
1282 462 1481 516 vilhelmj
1502 462 1613 517 pultj
1639 476 1692 504 ex
1708 468 1833 516 parte
1856 462 2040 517 australj

233 550 286 578 ex
307 550 395 578 vna
417 541 460 577 et
483 548 746 577 communes
767 532 864 575 vias
885 532 1031 587 regias
1056 539 1150 574 tarn
1174 546 1227 574 ex
1248 531 1405 574 boriali
1428 545 1563 585 quam
1596 529 1863 573 occidentali
1885 529 2043 585 viginti

233 605 399 648 solidos
417 610 595 647 monete
613 603 757 646 scocie
782 604 841 644 Et
864 604 917 644 de
932 609 1051 644 terra
1071 601 1286 644 Iohannis
1307 607 1451 644 ratree
1474 600 1519 642 in
1543 601 1699 642 eodem
1721 599 1820 642 vico
1843 614 1896 642 ex
1917 606 2044 655 parte

232 676 389 718 boriali
413 675 529 717 inter
545 681 710 717 terram
735 673 919 715 Roberti
938 672 1184 727 blyndseile
1201 687 1254 714 ex
1270 686 1358 714 vna
1376 678 1419 713 et
1436 677 1601 713 terram
1620 670 1795 713 dauidis
1812 671 1867 712 de
1884 670 2046 724 kyntor

232 746 434 800 partibus
473 746 529 787 ab
568 745 709 786 altera
751 742 965 785 tredecim
1010 742 1176 784 solidos
1216 748 1259 784 et
1297 742 1396 796 iiijor
1437 741 1643 784 denarios
1683 742 1743 783 Et
1787 742 1841 783 de
1879 754 2043 795 magno

232 814 371 856 crofto
392 812 592 855 vilhelmi
617 826 750 867 cryne
778 813 959 853 Iacente
982 810 1026 851 in
1050 811 1089 852 le
1110 811 1205 865 faty
1227 811 1352 853 cuius
1375 810 1554 865 quidem
1585 810 1712 852 crofti
1735 809 1918 852 dimidia
1940 824 2043 864 pars

231 890 298 925 est
321 883 366 924 in
390 881 598 924 manibus
630 881 843 922 heredum
865 879 1066 921 vilhelmi
1092 881 1310 921 adamson
1333 886 1376 921 et
1399 879 1540 921 altera
1563 879 1747 921 dimidia
1780 893 1882 933 pars
1908 884 1975 920 est
1997 878 2042 920 in

231 952 439 994 manibus
470 951 684 992 heredum
709 949 815 991 dicti
837 949 1037 1003 vilhelmj
1063 964 1196 1004 cryne
1222 949 1338 990 inter
1360 949 1548 991 croftum
1571 949 1771 990 vilhelmi
1797 948 2044 1004 blyndseile

230 1035 283 1063 ex
320 1020 475 1063 boriali
513 1026 555 1062 et
594 1020 784 1062 croftum
822 1019 1035 1061 heredum
1069 1020 1295 1073 quondam
1327 1019 1527 1060 vilhelmi
1561 1021 1613 1061 de
1646 1019 1754 1061 leith
1788 1018 1956 1061 domini
1989 1019 2042 1060 de

229 1090 378 1133 bernis
410 1105 463 1132 ex
485 1090 671 1132 australi
704 1089 906 1144 partibus
938 1089 993 1130 ab
1016 1088 1157 1130 altera
1179 1088 1351 1143 viginta
1374 1088 1540 1130 solidos
1573 1091 1632 1130 Et
1662 1090 1715 1131 de
1744 1090 1917 1131 duabus
1950 1087 2043 1130 suis

228 1161 359 1203 terris
381 1160 678 1203 anterioribus
695 1159 953 1214 jacentibus
969 1159 1014 1200 in
1031 1158 1128 1200 vico
1150 1159 1375 1200 furcarum
1399 1173 1452 1200 ex
1474 1158 1678 1200 orientali
1695 1165 1820 1213 parte
1842 1158 2042 1200 eiusdem

227 1231 312 1287 vicj
337 1232 453 1274 inter
483 1238 649 1274 terram
684 1230 901 1273 Iohannis
933 1236 1175 1285 stevynson
1199 1244 1252 1271 ex
1274 1229 1430 1271 boriali
1462 1236 1587 1284 parte
1617 1244 1670 1271 ex
1691 1244 1778 1271 vna
1801 1235 1844 1271 et
1876 1235 2041 1271 terram

227 1309 335 1344 tunc
360 1302 577 1344 Iohannis
603 1308 814 1356 paterson
847 1315 965 1343 nunc
987 1315 1092 1343 vero
1113 1301 1312 1355 vilhelmj
1347 1300 1526 1342 buchan
1559 1300 1740 1355 pistoris
1771 1315 1824 1342 ex
1856 1298 2042 1342 australi

228 1386 281 1414 ex
317 1371 459 1414 altera
501 1373 726 1414 tredecem
771 1371 937 1413 solidos
980 1377 1023 1413 et
1067 1371 1165 1425 iiij0r
1202 1370 1409 1413 denarios
1451 1372 1511 1412 Et
1556 1372 1610 1413 de
1652 1376 1770 1413 terra
1813 1376 1922 1413 tunc
1960 1371 2042 1412 ade

229 1443 424 1498 cardeny
464 1456 583 1485 nunc
619 1456 724 1484 vero
766 1442 980 1484 heredum
1018 1441 1194 1483 dauidis
1231 1447 1441 1496 paterson
1480 1442 1662 1483 Iacente
1699 1440 1744 1482 in
1780 1439 1878 1482 vico
1912 1440 1965 1482 de
2001 1439 2042 1481 le

227 1518 448 1567 gastrawe
470 1511 587 1554 inter
607 1517 773 1554 terram
796 1511 993 1566 mathacj
1019 1511 1188 1566 glaster
1209 1525 1262 1552 ex
1283 1509 1439 1552 boriali
1462 1516 1588 1565 parte
1610 1524 1663 1552 6)(
1683 1524 1771 1552 vna
1803 1515 1846 1552 et
1875 1515 2041 1552 terram

228 1580 404 1623 dauidis
436 1595 620 1636 symson
652 1595 771 1623 nunc
804 1580 1024 1623 existente
1060 1580 1105 1621 in
1143 1579 1352 1622 manibus
1383 1579 1584 1622 vilhelmi
1615 1585 1791 1622 vormot
1828 1594 1881 1622 6)(
1916 1584 2042 1634 parte

228 1650 414 1693 australi
456 1650 795 1704 quatuordecim
839 1650 1004 1692 solidos
1047 1651 1107 1692 Et
1144 1651 1197 1692 de
1233 1656 1351 1692 terra
1388 1649 1603 1692 antedicti
1640 1649 1837 1704 mathacj
1876 1649 2044 1704 glaster

229 1719 546 1762 collateraliter
556 1719 737 1774 jacente
760 1719 804 1761 in
827 1721 983 1762 eodem
1006 1719 1104 1762 vico
1127 1719 1242 1761 inter
1260 1725 1425 1761 terram
1449 1720 1675 1774 quondam
1693 1719 1869 1762 dauidis
1891 1718 2044 1762 blaber

228 1804 347 1832 nunc
370 1789 590 1832 existente
613 1790 657 1831 in
682 1790 890 1832 manibus
907 1789 1122 1844 johannis
1144 1789 1307 1832 knollis
1329 1805 1382 1832 ex
1404 1796 1530 1844 parte
1552 1789 1709 1832 boriali
1732 1804 1785 1832 ex
1806 1804 1894 1832 vna
1916 1795 2042 1844 parte

228 1864 272 1901 et
303 1864 469 1901 terram
502 1858 717 1901 heredum
750 1858 857 1901 dicti
890 1859 1066 1901 dauidis
1095 1865 1363 1914 patersoune
1386 1873 1439 1900 ex
1460 1865 1586 1914 parte
1609 1858 1793 1913 australj
1827 1858 2041 1901 tredecim

228 1927 394 1971 solidos
426 1935 469 1971 et
502 1928 602 1983 iiij0r
633 1928 840 1971 denarios
882 1930 942 1971 Et
985 1930 1038 1971 de
1079 1935 1197 1971 terra
1235 1929 1460 1983 quondam
1504 1928 1717 1983 Vilhelmj
1758 1929 1964 1971 cadeowe
1996 1927 2041 1969 in

226 1997 325 2041 vico
366 1999 592 2042 furcarum
644 2013 763 2041 nunc
806 1998 1026 2041 existente
1077 1999 1122 2040 in
1174 1999 1382 2041 manibus
1434 1998 1638 2054 magistri
1689 1999 1853 2041 andree
1903 1997 2042 2041 bisset

227 2069 461 2124 camerarij
506 2068 675 2111 domini
712 2068 910 2124 episcopi
946 2068 1063 2111 inter
1097 2074 1264 2110 terram
1301 2068 1516 2111 heredum
1552 2068 1707 2110 thome
1743 2068 1955 2110 chavmer
1990 2081 2043 2110 ex

228 2145 354 2195 parte
385 2139 541 2182 boriali
573 2145 617 2182 et
648 2146 814 2182 terram
839 2138 1055 2181 Iohannis
1087 2139 1406 2181 doncansoune
1428 2139 1481 2181 de
1503 2138 1613 2181 bans
1630 2152 1684 2181 ex
1704 2143 1830 2193 parte
1855 2135 2042 2179 australi

226 2209 421 2253 sedecim
459 2209 626 2252 solidos
647 2215 691 2252 et
713 2215 814 2251 octo
837 2208 1043 2251 denarios
1076 2209 1137 2250 Et
1169 2209 1223 2250 de
1254 2213 1372 2250 terra
1392 2207 1592 2262 vilhelmj
1616 2206 1770 2249 beelde
1791 2206 1837 2248 in
1857 2205 1957 2248 vico
1989 2206 2042 2248 de

227 2280 406 2324 sculhill
429 2280 545 2323 inter
566 2286 732 2323 terram
754 2280 909 2322 thome
932 2279 1153 2321 meldrum
1176 2293 1229 2321 ex
1250 2285 1376 2334 parte
1399 2278 1603 2321 orientali
1626 2292 1679 2320 ex
1699 2291 1787 2320 vna
1809 2282 1852 2319 et
1874 2282 2039 2319 terram

227 2350 474 2394 allexandri
506 2365 614 2406 crag
648 2365 702 2393 ex
737 2349 1005 2393 occidentali
1037 2356 1163 2405 parte
1195 2364 1248 2391 ex
1285 2349 1426 2392 altera
1463 2363 1626 2391 nouem
1659 2348 1825 2390 solidos
1861 2353 1905 2389 et
1942 2346 2041 2402 iiij0r

226 2421 433 2464 denarios
465 2422 527 2463 Et
558 2422 613 2464 de
643 2427 762 2464 terra
791 2420 1036 2476 supradicti
1065 2419 1310 2463 allexandri
1332 2434 1438 2475 crag
1459 2418 1777 2462 collateraliter
1806 2417 1851 2459 in
1883 2418 2039 2460 eodem

225 2490 324 2533 vico
346 2497 390 2533 et
411 2497 578 2533 terram
602 2490 846 2546 supradicti
862 2489 1062 2532 vilhelmi
1085 2490 1239 2532 beelde
1261 2503 1315 2532 ex
1336 2488 1542 2531 orientali
1564 2494 1689 2544 parte
1711 2502 1765 2530 ex
1784 2502 1872 2530 vna
1894 2493 1937 2529 et
1954 2492 2039 2529 ter-

226 2576 323 2605 ram
356 2561 584 2604 alexandri
605 2561 809 2604 vilsoune
831 2576 885 2604 ex
906 2560 1173 2603 occidentali
1196 2560 1396 2615 partibus
1418 2561 1474 2602 ab
1496 2559 1637 2602 altera
1660 2560 1772 2601 duos
1794 2557 1960 2600 solidos
1979 2558 2038 2599 Et

225 2633 279 2675 de
298 2646 379 2674 suo
397 2632 536 2674 crofto
557 2632 783 2687 wlgariter
804 2638 1064 2687 nuncupato
1082 2631 1122 2674 le
1140 2631 1342 2686 cragvele
1355 2631 1536 2686 jacente
1554 2645 1607 2673 ex
1629 2628 1894 2673 occidentali
1912 2634 2038 2683 parte

225 2701 333 2746 dieti
356 2701 482 2757 burgi
505 2716 640 2757 prope
661 2702 780 2745 viam
803 2703 972 2757 regiam
996 2717 1083 2757 qua
1105 2701 1194 2744 itur
1215 2703 1271 2744 ad
1296 2701 1558 2744 Rubbislaw
1577 2706 1784 2744 vocatam
1814 2700 1854 2741 le
1876 2699 2038 2754 lonyne

225 2785 279 2813 ex
300 2777 427 2826 parte
449 2771 636 2814 australi
659 2772 775 2814 dicte
796 2771 866 2814 vie
888 2772 1060 2815 habens
1083 2771 1273 2814 croftum
1296 2771 1630 2814 carmelitarum
1653 2784 1679 2813 a
1702 2775 1827 2825 parte
1849 2767 2037 2812 australi

224 2847 268 2883 et
291 2841 458 2884 dictam
479 2841 599 2883 viam
621 2841 790 2896 regiam
813 2856 866 2884 ex
888 2841 1044 2884 boriali
1067 2847 1193 2896 parte
1219 2841 1433 2883 tredecim
1457 2840 1622 2883 solidos
1645 2845 1688 2882 et
1710 2839 1808 2894 iiij0r
1830 2837 2036 2881 denarios

226 2910 296 2952 De
317 2910 478 2964 quibus
510 2910 688 2965 quidem
711 2912 865 2954 decem
899 2911 1069 2954 mercis
1083 2917 1126 2953 et
1158 2911 1320 2954 annuis
1352 2910 1599 2954 redditibus
1620 2910 1823 2953 Andreas
1855 2908 2037 2952 scherar

1112 2981 1144 3011 H
