2524 3418
483 333 537 374 30
1254 318 1508 374 Fragmenta

1360 471 1409 513 H

186 581 241 614 sol.
265 580 325 613 15²
603 567 940 622 [NIVERSIS]
969 567 1022 609 ad
1058 579 1167 621 quos
1202 572 1431 621 presentes
1463 565 1608 608 littere
1638 573 1933 621 peruenerunt
1971 567 2194 610 Iohannes
2227 569 2280 610 de

1244 634 1424 689 [kyntor
1446 648 1559 676 vnus
1581 634 1816 677 balliorum
1840 635 1964 690 burgi
1987 637 2039 678 de
2063 637 2280 679 aberdene

623 739 629 747 .
693 705 765 761 qui
795 711 861 748 est
891 703 1090 748 omnium
1113 718 1216 747 vera
1239 705 1374 747 salus.
1408 704 1523 760 Quia
1546 703 1667 760 pium
1697 711 1763 747 est
1788 712 1829 747 et
1854 705 2128 748 meritorium
2152 706 2281 749 fidele

1704 775 2029 828 [testimonium
2053 776 2281 831 perhibere

773 860 856 900 que
880 859 956 901 per
981 843 1216 887 officiarios
1238 844 1404 887 domini
1428 844 1566 887 nostri
1596 844 1732 900 Regis
1755 860 1834 888 sua
1861 845 2003 889 officia
2026 852 2282 889 exercentes

621 949 628 957 .
689 950 695 956 .
750 916 978 958 Gilbertus
1002 915 1213 958 menzhes
1235 914 1466 970 burgensis
1488 915 1593 958 dicti
1617 915 1741 970 burgi
1765 915 1808 957 in
1833 916 1918 958 mei
1941 923 1983 958 et
2007 916 2279 959 diversorum

622 1020 627 1026 .
690 1020 696 1027 .
727 985 1018 1041 personaliter
1040 985 1313 1028 constitutus
1335 985 1379 1027 in
1403 985 1789 1041 agmentacionem
1813 987 1960 1029 cultus
1982 986 2117 1029 divini
2140 993 2182 1029 et
2206 999 2282 1042 per

483 1089 970 1098 ........
1023 1055 1140 1099 beati
1165 1055 1428 1099 Sebastiane
1451 1055 1644 1099 martiris
1672 1055 1862 1099 Scituati
1886 1056 1929 1098 in
1953 1056 2141 1099 ecclesia
2163 1055 2280 1099 beati

481 1159 902 1167 .......
944 1127 1073 1181 gulos
1095 1140 1269 1169 annuos
1294 1126 1513 1169 Redditus
1536 1128 1589 1169 de
1611 1126 1739 1168 terris
1762 1126 2054 1183 infrascriptis
2075 1127 2279 1172 videlicet

483 1229 902 1237 .......
953 1196 1067 1239 inter
1089 1203 1252 1240 terram
1278 1196 1492 1240 Iohannis
1515 1198 1676 1240 andree
1699 1197 1931 1251 burgensis
1953 1198 2058 1240 dicti
2081 1198 2206 1254 burgi
2229 1213 2282 1242 ex

482 1300 970 1308 ........
1047 1267 1220 1323 gilberti
1245 1268 1390 1311 Waus
1411 1282 1464 1310 ex
1486 1273 1610 1323 parte
1633 1266 1897 1310 occidentali
1921 1283 1972 1310 ex
1995 1275 2119 1323 parte
2141 1269 2282 1312 altera

483 1370 1040 1379 .........
1122 1337 1306 1393 triginta
1329 1337 1522 1393 quinque
1550 1337 1715 1381 solidos
1736 1338 1915 1380 vsuales
1937 1345 2114 1381 monete
2137 1339 2281 1382 scocie

483 1440 970 1449 ........
997 1408 1199 1462 jacentes
1223 1408 1266 1450 in
1289 1407 1386 1451 vico
1410 1407 1543 1451 castri
1567 1423 1619 1451 ex
1642 1414 1766 1464 parte
1788 1408 1953 1451 boreali
1974 1409 2059 1452 vici
2082 1408 2280 1452 eiusdem

484 1510 1178 1520 ...........
1260 1493 1312 1522 ex
1341 1485 1467 1535 parte
1488 1493 1575 1521 vna
1598 1485 1640 1521 et
1663 1485 1826 1521 terram
1852 1478 2066 1521 Iohannis
2087 1480 2280 1523 Watson

483 1581 1318 1591 .............
1398 1556 1563 1592 terram
1585 1563 1740 1592 versus
1768 1555 1969 1591 austrum
1992 1548 2148 1604 viginti
2171 1550 2282 1592 duos

480 1651 1315 1661 .............
1351 1619 1394 1662 in
1417 1619 1514 1663 vico
1537 1618 1751 1675 superiori
1773 1619 1959 1662 ecclesie
1981 1618 2096 1662 inter
2116 1625 2280 1662 terram

481 1722 1248 1732 ............
1313 1697 1478 1734 terram
1501 1690 1654 1734 thome
1676 1690 1835 1733 culane
1857 1704 1909 1732 ex
1931 1696 2055 1745 parte
2078 1689 2282 1733 orientali

479 1792 1037 1801 .........
1038 1809 1043 1813 η
1099 1793 1105 1800 .
1169 1793 1175 1802 .
1237 1794 1244 1801 .
1307 1794 1314 1801 .
1377 1795 1384 1803 .
1445 1794 1452 1802 .
1514 1793 1522 1803 .
1584 1794 1592 1802 .
1629 1767 1672 1803 et
1695 1759 1927 1804 annuatim
1953 1762 2066 1802 Item
2090 1761 2143 1803 de
2164 1766 2282 1804 terra

480 1862 1454 1874 ...............
1477 1830 1583 1874 dicti
1606 1832 1769 1874 andree
1790 1830 1943 1873 thome
1965 1845 2018 1873 ex
2039 1836 2165 1886 parte
2187 1829 2281 1873 occi

481 1932 1177 1942 ...........
1239 1899 1385 1944 oriens
1408 1916 1460 1944 ex
1483 1908 1607 1957 parte
1629 1901 1769 1944 altera
1791 1907 1833 1944 et
1856 1914 2140 1943 communem
2162 1899 2280 1943 viam

481 2002 1450 2015 ...............
1497 1973 1611 2014 Item
1634 1972 1688 2014 de
1709 1977 1826 2014 terra
1848 1969 2082 2014 Willielmi
2107 1967 2281 2012 Ratteri

480 2072 1523 2084 ................
1567 2056 1620 2084 ex
1641 2047 1765 2097 parte
1787 2040 1952 2084 boreali
1975 2055 2027 2083 ex
2049 2045 2174 2096 parte
2195 2053 2282 2082 vna

480 2143 1385 2153 ..............
1466 2110 1584 2155 viam
1607 2111 1774 2167 regiam
1796 2125 1950 2154 versus
1977 2109 2184 2153 occidens
2206 2123 2282 2151 sex

481 2213 1386 2223 ..............
1425 2197 1447 2224 e
1471 2189 1627 2237 sprunt
1653 2184 1880 2225 Iacentem
1904 2180 1947 2222 in
1969 2180 2066 2222 vico
2089 2177 2280 2221 inferiori

481 2282 1455 2293 ...............
1494 2251 1698 2295 orientali
1722 2267 1774 2294 ex
1796 2257 1919 2307 parte
1941 2264 2028 2292 vna
2051 2255 2093 2291 et
2116 2255 2280 2290 terram

481 2354 1178 2363 ...........
1264 2336 1548 2365 communem
1571 2321 1690 2365 viam
1712 2322 1878 2377 regiam
1901 2335 2056 2363 versus
2078 2325 2280 2361 austrum

480 2423 1452 2434 ...............
1520 2394 1743 2448 quondam
1770 2390 1985 2434 Iohannis
2006 2389 2280 2445 kyninmond

481 2492 1590 2505 .................
1673 2461 1890 2506 Willelmi
1920 2461 2031 2503 letht
2061 2458 2279 2515 capellani

481 2562 1382 2574 ..............
1413 2533 1553 2576 altera
1575 2539 1618 2575 et
1640 2546 1925 2575 communem
1947 2531 2065 2573 viam
2091 2529 2279 2585 Regiam

482 2630 1591 2644 .................
1673 2602 1841 2645 henrici
1865 2602 2028 2644 sclater
2051 2602 2279 2643 Iacentem

481 2698 1727 2714 ...................
1765 2679 1890 2727 parte
1913 2670 2097 2714 australi
2121 2685 2173 2713 ex
2194 2684 2280 2712 vna

481 2769 1451 2784 ...............
1480 2748 1604 2798 parte
1627 2743 1766 2786 altera
1789 2750 1831 2785 et
1855 2756 2138 2785 communem
2160 2740 2279 2783 viam

481 2838 1730 2856 ...................
1777 2813 1892 2868 gusii
1915 2827 2026 2868 gene
2051 2814 2278 2854 Iacentem

478 2908 1939 2926 ......................
1972 2898 2024 2925 ex
2046 2888 2171 2937 parte
2192 2895 2278 2923 vna

479 2978 1795 2994 ....................
1854 2967 2136 2996 communem
2160 2951 2277 2994 viam
