2524 3418
909 306 1040 348 Carta
1069 306 1269 348 Iohannis
1303 305 1413 347 mair
1987 318 2038 359 23
2046 319 2066 347 1

262 428 379 464 terra
411 422 523 465 infra
560 422 728 464 dictum
766 423 955 476 burgum
988 423 1043 464 ad
1074 422 1370 463 feodifirmam
1403 422 1534 463 datur
1571 419 1830 462 conceditur
1862 427 1937 462 aut
1972 435 2070 475 pos-

263 492 431 534 sidetur
477 493 571 534 sine
625 492 936 534 Reuocacione
981 491 1305 534 reclamacione
1360 498 1435 532 aut
1488 490 1845 532 contradiccione
1887 491 2066 544 aliqualj

262 563 401 604 nostri
424 578 731 605 successorum
755 570 1008 605 nostrorum
1032 570 1107 604 aut
1131 562 1321 603 aliorum
1349 575 1715 615 quorumcunque
1744 561 2068 602 FACIENDO

262 631 363 673 inde
400 632 633 674 annuatim
671 633 817 674 dictus
855 632 1081 673 Iohannes
1118 631 1302 672 heredes
1341 630 1407 672 sui
1446 636 1522 672 aut
1560 629 1777 684 assignati
1820 630 2069 683 Suppremo

263 701 442 743 domino
480 708 631 743 nostro
668 702 759 756 regj
799 701 1037 743 seruicium
1075 699 1339 754 burgagium
1375 701 1428 741 de
1466 699 1585 741 dicta
1621 705 1739 740 terra
1775 698 1974 740 debitum
2010 700 2070 740 Et

263 777 526 812 consuetum
550 777 768 825 quantum
791 770 980 825 pertinet
1014 771 1069 812 ad
1101 770 1288 811 eandem
1321 770 1385 810 Ac
1421 769 1663 810 Reddendo
1696 767 1929 810 annuatim
1953 767 2069 810 dicte

263 838 442 881 cristine
464 839 509 880 in
533 841 721 881 durante
744 847 944 894 tempore
966 839 1055 880 vite
1079 853 1156 880 sue
1177 853 1314 879 vnum
1342 852 1540 880 annuum
1568 837 1791 879 redditum
1815 844 1914 878 octo
1938 837 2069 878 solid-

262 923 388 950 orum
410 909 578 951 vsualis
607 917 785 951 monete
818 909 962 951 scocie
985 910 1040 951 ad
1063 910 1174 950 duos
1205 908 1321 962 Annj
1356 907 1571 949 terminos
1593 908 1771 949 vsuales
1797 907 2070 961 penticostes

261 978 466 1020 videlicet
490 986 532 1021 et
556 980 698 1034 sanctj
724 979 903 1034 martinj
938 979 983 1021 in
1014 994 1142 1034 yeme
1165 993 1242 1033 per
1274 978 1454 1032 equales
1483 977 1716 1032 porciones
1739 977 1925 1019 liberum
1948 984 2069 1019 tene-

264 1055 465 1090 mentum
489 1049 687 1091 eiusdem
707 1049 914 1091 habentis
938 1050 997 1091 Et
1021 1055 1121 1103 post
1145 1049 1240 1090 eius
1263 1050 1496 1090 decessum
1520 1047 1647 1089 nobis
1670 1054 1712 1089 et
1737 1047 2070 1089 successoribus

262 1117 428 1159 nostris
450 1119 640 1160 eundem
673 1132 872 1160 annuum
908 1117 1151 1159 Redditum
1185 1117 1450 1158 soluendum
1483 1117 1538 1158 ad
1571 1117 1682 1157 duos
1715 1115 1818 1170 annj
1853 1115 2070 1157 terminos

261 1187 439 1229 vsuales
470 1194 648 1229 tantum
671 1202 749 1242 pro
773 1187 894 1230 omni
927 1187 1014 1229 alio
1049 1187 1237 1229 seruicio
1266 1186 1455 1228 seculari
1488 1185 1725 1227 exaccione
1748 1200 1825 1227 seu
1847 1187 2069 1227 demanda

262 1270 345 1310 que
369 1258 420 1298 de
443 1257 642 1311 predicta
663 1265 781 1300 terra
804 1257 1023 1299 anteriore
1047 1272 1148 1299 cum
1182 1257 1463 1311 pertinentiis
1495 1256 1747 1310 aliqualiter
1768 1255 1882 1310 exigj
1908 1255 2068 1309 poterit

261 1333 338 1368 aut
378 1328 560 1382 Requirj
592 1329 852 1370 Reseruatis
884 1335 1037 1370 tamen
1074 1342 1151 1382 per
1183 1327 1334 1369 omnia
1371 1326 1520 1369 liberis
1557 1326 1742 1368 introitu
1780 1332 1821 1367 et
1860 1326 1979 1367 exitu
2014 1327 2069 1368 ad

259 1402 423 1438 terram
447 1397 702 1440 interiorem
725 1399 830 1453 dictj
855 1398 1099 1453 tenementj
1121 1397 1294 1440 tociens
1316 1396 1528 1452 quociens
1550 1411 1628 1451 per
1650 1402 1802 1450 portas
1824 1395 2070 1437 anteriores

262 1466 452 1521 Insuper
487 1468 702 1511 noueritis
734 1483 816 1511 nos
852 1468 1074 1523 obligasse
1110 1474 1351 1522 tenoreque
1384 1466 1603 1522 presentis
1641 1472 1760 1508 carte
1797 1465 1993 1519 obligare
2026 1471 2069 1506 et

260 1536 505 1591 astringere
528 1538 697 1580 dictum
720 1545 884 1581 terram
914 1538 1177 1580 Interiorem
1202 1544 1244 1579 et
1268 1537 1574 1579 inhabitantes
1606 1537 1793 1578 eandem
1817 1536 1872 1577 ad
1895 1549 2069 1576 conser-

260 1607 455 1648 uandam
479 1609 696 1662 prefatam
719 1615 884 1651 terram
908 1608 1176 1651 anteriorem
1199 1607 1383 1649 liberam
1409 1608 1701 1660 Indempnem
1722 1612 1764 1647 et
1783 1611 2069 1646 exoneratam

260 1676 313 1716 de
351 1677 557 1719 omnibus
594 1678 694 1720 aliis
736 1679 898 1721 annuis
939 1678 1184 1720 redditibus
1228 1679 1565 1732 Imperpetuum
1604 1677 1663 1717 Et
1702 1690 1783 1717 nos
1819 1689 1921 1716 vero
1963 1674 2069 1716 dicti

261 1752 443 1787 curatus
476 1753 518 1788 et
552 1747 771 1801 capellani
805 1762 856 1789 ac
889 1762 1170 1789 successores
1202 1746 1342 1788 nostri
1375 1753 1518 1788 totam
1557 1751 1599 1787 et
1639 1737 1866 1798 Integram
1903 1750 2068 1784 terram

262 1814 528 1857 anteriorem
552 1823 834 1870 prenotatam
859 1832 960 1859 cum
985 1816 1077 1858 suis
1100 1816 1381 1871 pertinentiis
1414 1815 1584 1870 prefato
1618 1813 1807 1867 Iohannj
1833 1813 2070 1855 heredibus

262 1882 355 1925 suis
377 1890 420 1926 et
444 1885 536 1927 suis
558 1886 801 1941 assignatis
834 1886 879 1927 in
912 1886 1119 1928 omnibus
1152 1893 1194 1928 et
1227 1901 1305 1941 per
1336 1885 1487 1927 omnia
1518 1891 1564 1926 vt
1597 1883 1864 1939 premissum
1899 1889 1965 1924 est
1992 1897 2070 1937 per

261 1966 417 1995 omnes
442 1961 584 1997 terras
607 1962 649 1997 et
672 1955 979 2010 possessiones
1012 1962 1189 1997 nostras
1221 1962 1377 1997 contra
1409 1968 1564 1996 omnes
1587 1952 1800 1995 mortales
1821 1951 2069 1994 varantiza-

261 2021 408 2064 bimus
434 2024 790 2078 acquietabimus
823 2032 865 2067 et
901 2026 1236 2080 Imperpetuum
1270 2024 1560 2067 defendemus
1594 2023 1647 2064 In
1681 2021 1820 2065 Cuius
1851 2020 1911 2075 rej
1946 2020 2069 2062 testi-

261 2092 461 2134 monium
503 2094 606 2136 huic
649 2094 842 2149 presentj
887 2101 1008 2137 carte
1049 2101 1200 2137 nostre
1243 2094 1439 2149 sigillum
1491 2099 1694 2135 nostrum
1747 2104 1984 2133 commune
2026 2096 2068 2132 et

260 2162 455 2217 sigillum
485 2164 759 2206 honorabilis
780 2164 861 2206 viri
886 2164 1102 2206 Iohannis
1126 2165 1264 2206 Ratre
1292 2163 1423 2205 vnius
1445 2161 1712 2205 balliuorum
1736 2160 1842 2203 dicti
1864 2159 1990 2214 burgj
2016 2173 2067 2201 ac

260 2233 426 2274 datoris
450 2233 597 2275 sasine
621 2233 877 2276 huiusmodi
899 2241 1014 2276 terre
1037 2240 1140 2275 sunt
1163 2248 1361 2288 appensa
1383 2233 1513 2287 Apud
1535 2231 1761 2274 Abirdenn
1783 2229 1975 2283 septimo
1999 2228 2068 2270 die

260 2303 428 2344 mensis
452 2305 646 2359 Ianuarij
671 2306 801 2346 Anno
836 2304 1018 2359 Dominj
1046 2304 1283 2346 millesimo
1311 2302 1682 2359 Quingentesimo
1716 2300 1871 2356 quinto
1905 2301 2067 2343 Coram

259 2370 593 2414 honorabilibus
616 2380 658 2415 et
679 2374 865 2415 famosis
886 2373 992 2415 viris
1016 2373 1218 2415 Iohanne
1248 2373 1396 2415 cullan
1422 2373 1585 2414 Iacobo
1617 2371 1818 2414 colisoun
1846 2371 2067 2411 Duncano

260 2440 472 2482 Colisoun
495 2441 675 2484 henrico
693 2443 785 2484 reid
800 2443 1031 2485 Willelmo
1050 2442 1157 2498 king
1173 2441 1468 2497 burgensibus
1488 2442 1688 2483 Iohanne
1707 2441 1806 2483 Cuk
1822 2440 2066 2493 sergeando

257 2514 300 2550 et
324 2509 520 2552 Domino
545 2511 746 2553 Iohanne
770 2512 1015 2567 Stirueling
1038 2511 1225 2554 Notario
1247 2511 1426 2566 publico

1087 2703 1235 2746 CXII.

368 2792 616 2834 MNIBUS
643 2792 759 2834 hanc
792 2794 976 2836 Cartam
998 2793 1159 2835 visuris
1181 2793 1250 2834 vel
1284 2791 1502 2834 audituris
1526 2792 1753 2834 Iohannes
1775 2790 1888 2832 mair
1920 2789 2066 2832 senior

424 2860 656 2914 burgensis
688 2862 740 2903 de
773 2861 981 2904 abirdene
1015 2863 1231 2903 Eternam
1264 2861 1309 2902 in
1332 2860 1512 2903 domino
1545 2861 1737 2902 salutem
1770 2858 2064 2913 premeditato

256 2935 298 2970 et
318 2930 373 2971 ad
391 2929 571 2985 plenum
595 2930 822 2974 intellecto
840 2934 957 2987 quod
980 2933 1135 2974 om'nes
1158 2931 1378 2974 stabimus
1395 2938 1499 2974 ante
1516 2930 1709 2972 tribunal
1734 2929 1899 2983 dominj
1923 2927 2063 2970 nostri
