2524 3418
497 276 751 318 Presentatio
782 276 1002 332 capellanie
1033 276 1179 318 altaris
1209 281 1343 318 sancte
1375 276 1505 318 marie
1537 277 1714 332 virginis
1969 283 2022 334 63

329 392 443 433 Item
467 392 520 433 de
542 398 659 434 terra
681 392 905 446 quondam
926 391 1108 445 Robertj
1133 391 1322 446 gillespy
1345 393 1527 434 Iacente
1545 392 1590 434 in
1607 392 1705 436 vico
1729 394 1864 437 castri
1887 410 2022 451 prope

212 467 411 504 montem
1917 466 1974 521 xij
1995 468 2022 509 d

827 532 1081 573 Ornamenta
1102 531 1202 573 dicti
1221 532 1386 573 Altaris

330 625 381 666 In
415 624 571 678 primis
601 639 715 666 vnus
748 624 862 666 calix
894 631 1132 679 argenteus
1164 626 1404 667 deauratus
1438 627 1553 667 Item
1585 640 1735 668 vnum*
1756 627 1937 670 missale
1969 630 2022 671 de

212 708 482 748 pergameno
526 695 640 736 Item
672 701 763 736 tres
797 694 946 736 casule
979 701 1021 735 et
1054 695 1139 736 due
1170 694 1320 736 tunice
1354 696 1406 736 de
1439 695 1579 737 serico
1611 710 1713 738 cum
1756 711 1868 751 capa
1909 697 2021 752 nigri

213 763 373 805 coloris
396 765 448 806 de
472 764 612 805 serico
634 764 772 806 tercia
795 764 948 806 casula
970 779 1022 806 ex
1045 765 1145 806 albo
1168 764 1284 806 lineo
1309 766 1423 806 Item
1454 766 1538 806 due
1570 765 1668 808 albe
1691 772 1734 807 et
1757 767 1843 808 duo
1857 767 2018 823 „amictj

214 838 328 877 Item
353 835 381 890 ij
406 835 556 877 twalia
588 837 702 877 Item
736 837 822 877 duo
856 834 1153 889 dependentia
1186 841 1289 876 ante
1323 835 1464 877 altare
1496 850 1633 877 vnum
1666 837 1719 878 de
1751 836 1791 878 le
1823 851 1946 879 arras
1979 844 2021 879 et

214 906 333 948 aliud
365 907 418 947 de
451 905 591 947 serico
623 906 791 947 fustato
826 907 941 946 Item
980 906 1066 946 duo
1098 905 1306 947 frontalia
1338 920 1474 947 vnum
1508 907 1561 947 de
1593 920 1717 948 arras
1749 913 1792 948 et
1825 906 1945 949 aliud
1968 908 2022 949 de

211 981 388 1017 vorseto
425 975 550 1029 nigro
589 977 703 1017 Item
736 989 872 1016 vnum
906 989 1119 1028 magnum
1151 975 1341 1016 frontale
1374 977 1559 1017 rubeum
1602 977 1655 1018 de
1695 983 1872 1018 vorseto
1905 979 2021 1032 quod

213 1045 368 1087 circuit
390 1051 535 1086 totum
564 1045 703 1087 altare
726 1046 916 1098 desuper
939 1046 1054 1086 Item
1076 1059 1164 1086 vna
1197 1044 1309 1086 cista
1341 1045 1474 1099 longa
1506 1051 1548 1087 et
1579 1045 1666 1087 alia
1687 1047 1878 1088 rotunda
1911 1048 2022 1089 bene

212 1116 378 1157 farrata
407 1121 450 1156 et
480 1121 629 1157 serata
653 1117 767 1156 Item
793 1114 890 1169 iiij0r
913 1114 1179 1156 candelebra
1209 1129 1336 1156 cerea
1360 1116 1474 1156 Item
1499 1115 1585 1156 duo
1606 1115 1876 1157 vestimenta
1904 1116 2022 1158 linea

214 1183 619 1238 quadragesimalia
640 1199 777 1226 vnum
801 1198 951 1226 coram
975 1183 1116 1225 altare
1139 1190 1181 1225 et
1205 1183 1325 1225 aliud
1349 1190 1452 1225 ante
1470 1185 1809 1226 tabernaculum
1832 1187 2022 1240 desuper

212 1255 352 1297 altare
395 1255 506 1311 Quis
547 1262 698 1297 autem
735 1255 920 1297 donauit
962 1253 1220 1308 supradicta
1261 1261 1526 1296 ornamenta
1567 1254 1798 1308 ignoratur
1839 1257 2021 1298 Patroni

212 1325 330 1379 dicte
352 1325 599 1381 capellanie
621 1332 664 1368 61
687 1325 842 1368 3113115
864 1325 1119 1380 propositus
1142 1325 1349 1367 consules
1371 1331 1414 1366 61
1437 1325 1738 1367 communitas
1759 1325 1862 1367 ville

1012 1493 1230 1534 XXXIV.

324 1589 629 1632 NIUERSIS
671 1594 714 1630 61
756 1587 944 1643 singulis
986 1592 1215 1642 presentes
1257 1585 1409 1628 literas
1450 1584 1718 1640 inspecturis
1768 1585 2022 1641 prepositus

382 1659 548 1703 Balliui
586 1658 793 1702 consules
830 1666 873 1701 61
914 1658 1116 1713 nonnullj
1161 1656 1500 1700 communitatis
1541 1656 1667 1711 burgi
1709 1658 1762 1699 de
1804 1658 2022 1700 aberdene

213 1743 374 1786 corpus
414 1730 521 1773 dicti
565 1729 715 1785 oppidi
752 1744 830 1785 pro
865 1735 1066 1784 tempore
1106 1733 1467 1783 representantes
1509 1726 1712 1769 Salutem
1754 1726 1799 1769 in
1841 1727 2022 1770 domino

215 1799 445 1842 Noueritis
476 1813 558 1842 nos
582 1799 782 1842 vnanimi
815 1814 1037 1842 consensu
1069 1805 1112 1841 et
1146 1813 1334 1841 assensu
1366 1797 1541 1841 dedisse
1574 1797 1851 1840 concessisse
1883 1797 2021 1853 assig-

212 1884 345 1912 nasse
384 1876 427 1912 et
469 1869 711 1913 liberaliter
746 1870 990 1913 contulisse
1027 1869 1191 1912 dilecto
1232 1875 1386 1911 nostro
1426 1868 1520 1911 viro
1555 1868 1707 1923 vtique
1748 1868 2022 1911 benemerito

213 1940 429 1995 magistro
471 1941 740 1983 Allexandro
775 1941 841 1996 fyf
873 1940 1104 1995 capellano
1140 1940 1264 1982 illam
1298 1938 1596 1995 capellaniam
1629 1944 1830 1980 nostram
1868 1938 2022 1981 altaris

215 2017 370 2053 sancte
397 2011 536 2054 marie
556 2011 742 2067 virginis
773 2011 1094 2066 gloriosissime
1118 2010 1203 2053 Dei
1235 2009 1465 2065 genitricis
1487 2009 1533 2051 in
1556 2008 1745 2051 ecclesia
1777 2008 2021 2063 parochiali

213 2082 330 2136 beatj
355 2081 518 2123 nicolai
550 2081 657 2124 dicti
676 2082 805 2138 ‘burgi
839 2081 993 2124 situati
1014 2087 1252 2124 vacantem
1275 2096 1352 2136 per
1383 2086 1573 2123 mortem
1597 2080 1821 2135 quondam
1854 2079 2021 2121 domini

213 2153 375 2194 andree
398 2152 577 2194 scheres
597 2152 741 2207 vltimj
778 2152 998 2207 capellani
1020 2159 1063 2194 et
1095 2151 1367 2207 possessoris
1395 2151 1595 2194 eiusdem
1618 2151 1674 2193 ad
1703 2156 1905 2193 nostram
1928 2165 2022 2205 pre-

214 2221 519 2264 sentacionem
544 2229 586 2264 et
609 2222 744 2265 aliam
768 2223 1073 2265 omnimodam
1093 2221 1438 2277 disposicionem
1461 2221 1593 2276 pleno
1617 2222 1718 2263 Iure
1742 2226 2021 2276 spectantem

214 2307 293 2346 pro
333 2299 429 2335 toto
470 2299 671 2348 tempore
710 2293 800 2336 vite
842 2308 920 2336 sue
960 2300 1007 2336 vt
1050 2293 1182 2348 ceterj
1228 2293 1294 2348 suj
1340 2293 1676 2347 predecessores
1717 2290 1822 2345 dictj
1867 2290 2022 2332 altaris

214 2363 432 2418 capellanj
457 2363 564 2406 inibi
588 2363 838 2406 seruierunt
860 2364 905 2406 in
929 2363 1090 2406 divinis
1113 2363 1307 2405 cultibus
1330 2362 1473 2404 solitis
1496 2368 1538 2403 et
1562 2360 1788 2403 consuetis
1811 2359 2022 2402 adminis-

214 2438 386 2475 traturo
428 2448 529 2476 cum
571 2433 855 2488 possessione
897 2434 1065 2489 prefate
1107 2431 1362 2487 capellanie
1401 2430 1556 2474 altaris
1602 2429 1824 2485 prenotatj
1873 2429 2022 2472 debita

215 2503 480 2557 exequentia
509 2504 753 2546 mandante
781 2503 1063 2558 presencium
1086 2509 1238 2545 tenore
1261 2502 1490 2544 literarum
1523 2499 1730 2543 omnibus
1759 2505 1802 2541 et
1835 2498 2023 2553 singulis

217 2571 378 2625 quibus
418 2572 603 2614 interest
640 2579 717 2615 aut
754 2573 954 2615 intererit
996 2579 1073 2615 aut
1110 2572 1325 2614 interesse
1367 2570 1529 2626 poterit
1571 2569 1737 2612 nostris
1778 2568 2023 2611 convicinis

216 2648 438 2696 quatenus
460 2642 603 2685 eidem
627 2643 842 2698 magistro
875 2644 1132 2686 allexandro
1153 2642 1223 2684 vel
1247 2642 1340 2684 suis
1371 2640 1733 2697 procuratoribus
1755 2639 2023 2693 quibuscun-

216 2727 300 2767 que
323 2714 376 2755 de
397 2713 618 2756 vniuersis
649 2721 692 2756 et
719 2714 908 2769 singulis
938 2714 1156 2756 fructibus
1188 2713 1434 2756 redditibus
1466 2710 1828 2768 peruenientibus
1860 2710 2023 2752 obuen-

216 2782 418 2825 cionibus
443 2783 750 2826 oblacionibus
771 2783 1088 2826 emolumentis
1112 2782 1377 2837 Iuribusque
1400 2788 1443 2824 et
1466 2779 1755 2837 pertinencijs
1778 2779 2024 2833 capellanie

217 2853 323 2894 dicti
347 2853 501 2895 altaris
523 2854 650 2896 beate
674 2854 812 2896 marie
835 2854 879 2896 in
913 2853 1096 2896 statutis
1119 2853 1222 2908 annj
1248 2852 1452 2895 terminis
1474 2848 1781 2906 penthecostis
1803 2855 1846 2891 et
1880 2848 2024 2891 sancti

217 2923 398 2971 martini
420 2923 465 2965 in
486 2938 614 2979 yeme
646 2924 1036 2980 proportionaliter
1052 2931 1102 2966 'vt
1127 2924 1257 2966 solito
1286 2929 1491 2979 prompte
1513 2921 1811 2977 respondeant
1837 2925 2023 2975 pareant
