2524 3418
200 451 254 483 sol.
277 451 316 482 5³

200 1033 255 1065 sol.
277 1031 317 1063 9¹

493 343 514 372 2
521 343 543 372 2
1263 328 1518 383 Fragmenta

492 445 544 487 de
582 445 810 487 Aberdene
847 441 989 498 gratia
1030 440 1273 485 testimonii
1314 441 1416 484 huic
1458 448 1579 484 carte
1616 440 1819 484 similiter
1855 441 2017 496 apponi
2054 440 2287 496 procuraui

495 514 597 556 Hiis
647 514 835 556 testibus
880 512 1072 556 dominis
1114 511 1343 554 Willelmo
1385 513 1437 554 de
1483 511 1615 554 Keith
1658 511 1798 554 milite
1840 510 2093 554 mariscallo
2143 509 2288 553 scocie

492 584 730 625 alexandro
766 583 903 625 sraser
941 581 1078 624 milite
1116 580 1390 623 Vicecomite
1427 583 1480 624 de
1517 582 1734 624 aberdene
1775 581 1931 624 thoma
1973 594 2142 623 mercer
2181 586 2287 623 tunc

491 652 772 694 aldirmanno
814 653 866 694 de
908 653 1125 694 aberdene
1162 651 1392 694 willelmo
1428 653 1481 694 de
1519 651 1609 694 leth
1647 658 1689 694 et
1729 651 1917 694 Iohanni
1959 651 2063 694 crab
2103 650 2288 705 burgen-

495 722 615 765 sibus
646 722 842 764 eiusdem
877 721 1000 776 burgi
1032 728 1075 764 et
1109 721 1261 764 multis
1292 721 1404 764 aliis.

1376 932 1416 973 Β

496 1024 763 1079 Confirmatio
794 1039 840 1065 ac
889 1055 2290 1067 ....................

491 1109 518 1136 x
549 1095 674 1136 libras
705 1093 860 1135 ecclesie
882 1093 1070 1147 fratrum
1108 1125 2290 1137 .................

607 1192 928 1246 [1]ACOBUS
951 1191 1019 1234 dei
1042 1191 1186 1247 gratia
1211 1193 1307 1235 Rex
1330 1199 1554 1236 scotorum
1620 1227 1995 1236 ......
2015 1250 2020 1253 ,
2061 1227 2068 1235 .
2133 1226 2142 1234 .
2206 1225 2215 1234 .
2280 1225 2288 1234 .

493 1261 665 1304 clericis
687 1269 729 1304 et
754 1260 879 1304 laicis
902 1261 1092 1304 salutem
1117 1261 1219 1304 Scia
1253 1295 2290 1306 ...............

494 1332 643 1375 dilecti
666 1330 984 1386 consanguinei
1008 1332 1146 1374 nostri
1171 1332 1388 1376 Willelmi
1412 1334 1465 1376 de
1548 1365 2290 1376 ...........

495 1402 708 1458 magistro
733 1401 924 1445 Ricardo
947 1402 1091 1444 forbes
1112 1403 1191 1445 dec
1255 1434 2290 1446 ...............

494 1471 668 1514 redditu
691 1472 844 1514 decem
868 1470 1077 1514 librarum
1108 1503 2291 1515 .................

494 1543 548 1584 de
570 1540 699 1583 terris
721 1542 774 1584 de
795 1541 944 1583 futhes
966 1542 1050 1596 beg
1111 1574 2292 1585 .................

494 1611 623 1654 terris
645 1610 775 1654 dictis
799 1611 1024 1666 magistris
1048 1610 1211 1655 Ricard
1257 1643 2292 1656 ...............

490 1681 693 1737 jacentes
719 1680 763 1723 in
786 1681 969 1724 baronia
991 1682 1044 1724 de
1108 1714 2292 1725 .................

495 1750 626 1793 dictis
648 1751 777 1794 terris
799 1752 852 1794 de
873 1751 1022 1794 futhes
1035 1783 2294 1796 ..................

496 1819 576 1863 tim
599 1822 842 1864 tenendum
865 1828 908 1864 et
931 1820 1264 1877 precipiendum
1331 1854 2294 1866 ..............

496 1896 671 1933 centem
695 1890 739 1932 in
762 1890 958 1933 dominio
981 1906 1061 1934 suo
1084 1893 1137 1935 de
1183 1925 2293 1936 ................

496 1959 603 2002 dicti
630 1959 830 2015 magistri
855 1960 1035 2004 Ricardi

497 2028 567 2072 dei
590 2036 632 2072 et
655 2030 893 2073 conventui
916 2031 1101 2074 fratrum
1184 2065 2293 2076 ................

498 2098 591 2142 suis
613 2114 690 2155 pro
713 2100 857 2143 salute
879 2100 1129 2144 animarum
1153 2101 1264 2145 infra
1332 2135 2293 2146 ..............

498 2170 672 2213 redditu
695 2172 848 2214 decem
871 2171 1082 2214 librarum
1111 2204 2292 2216 .................

498 2239 684 2282 fratrum
707 2240 1034 2296 predicatorum
1057 2242 1110 2284 de
1185 2275 2293 2286 ................

499 2308 778 2353 examinatas
798 2309 973 2354 fauores
995 2310 1060 2353 int
1114 2344 2294 2356 .................

499 2393 652 2422 earum
676 2379 875 2435 partibus
898 2387 1130 2436 suspectas
1152 2384 1207 2425 ad
1260 2414 2294 2426 ...............

500 2455 621 2492 carte
643 2449 749 2492 dicti
772 2449 990 2493 Willelmi
1013 2451 1180 2494 domini
1202 2452 1346 2495 sorbes
1407 2484 2294 2496 .............

500 2525 669 2562 cartam
692 2519 853 2562 visuris
875 2521 946 2562 uel
969 2521 1186 2564 audituris
1209 2522 1426 2566 Willelmi
1449 2523 1593 2567 sorbes
1627 2555 2001 2566 ......
2049 2523 2094 2566 in
2116 2522 2296 2567 domino

500 2589 817 2644 sempiternam
842 2590 1006 2633 Sciatis
1028 2605 1109 2634 nos
1131 2592 1304 2635 dedisse
1327 2592 1602 2636 concessisse
1624 2600 1666 2636 et
1701 2624 2003 2635 .....
2095 2598 2295 2636 nostram

500 2658 827 2714 imperpetuum
870 2661 1157 2704 confirmasse
1199 2663 1360 2706 dilecto
1402 2664 1622 2707 avunculo
1663 2669 1815 2706 nostro
1852 2661 2065 2718 magistro
2104 2661 2296 2706 Ricardo

723 2761 732 2771 .
794 2731 962 2773 decano
994 2732 1298 2776 Aberdonensi
1330 2741 1373 2777 et
1406 2733 1498 2777 suis
1531 2733 1771 2789 assignatis
1801 2747 1937 2776 vnum
1972 2747 2170 2777 annuum
2201 2733 2295 2776 red-

501 2796 643 2840 ditum
667 2799 819 2841 decem
843 2799 1053 2844 librarum
1072 2803 1239 2846 vsualis
1261 2811 1438 2848 monete
1463 2803 1607 2860 Regni
1630 2803 1768 2848 scotie
1789 2803 2039 2860 exigentem
2061 2802 2294 2848 annuatim

503 2865 741 2910 leuandum
779 2875 822 2911 et
859 2870 1191 2926 precipiendum
1228 2874 1282 2917 de
1317 2874 1447 2917 terris
1482 2874 1646 2918 nostris
1679 2875 1732 2918 de
1767 2874 1916 2917 futhes
1951 2875 2036 2930 beg
2069 2880 2112 2918 et
2146 2873 2296 2917 futhes

504 2950 624 2979 more
665 2951 766 2981 cum
809 2940 1063 2985 molendino
1104 2942 1301 2988 eiusdem
1337 2959 1438 2988 cum
1475 2944 1760 3001 pertinenciis
1800 2951 1977 3001 propter
2017 2942 2294 2989 excambium

1115 1995 2294 2006 ·················
