2524 3418
898 315 1029 358 Carta
1065 314 1267 357 Willelmi
1298 314 1483 356 Rolland
2019 328 2098 370 143

1043 452 1285 494 LXXVII.

357 574 396 615 N
451 572 521 615 dei
572 571 752 614 nomine
799 572 943 612 Amen
985 584 1063 624 per
1104 569 1188 612 hoc
1229 583 1411 624 presens
1463 567 1690 623 publicum
1736 569 2094 610 Instrumentum

415 643 602 687 Cunctis
643 648 794 697 pateat
842 640 1089 683 Euidentes
1140 641 1257 694 quod
1308 641 1438 681 Anno
1493 637 1824 681 Incarnationis
1875 637 2096 680 dominice

287 712 526 754 millesimo
549 709 907 766 quingentesimo
929 708 1145 763 vigesimo
1163 715 1321 763 quarto
1346 707 1518 750 Mensis
1532 722 1636 749 vero
1660 707 1763 763 maij
1789 707 1859 749 die
1880 707 2096 762 vigesimo

287 790 448 826 octauo
472 781 724 824 Indictione
749 779 1014 822 duodecima
1047 778 1344 821 Pontificatus
1377 778 1648 833 sanctissimj
1680 778 1725 820 in
1755 777 1935 821 Christo
1958 776 2098 832 patris

287 854 351 895 Ac
383 851 550 906 dominj
585 849 725 904 nostrj
760 848 926 903 dominj
963 847 1198 890 clementis
1228 861 1343 902 pape
1372 847 1531 901 decimj
1567 861 1684 889 anno
1707 847 1902 889 secundo
1927 847 1980 888 In
2010 845 2097 888 mei

287 922 448 965 notarii
470 920 636 976 publici
658 926 702 962 et
728 919 912 962 testium
944 918 1328 973 infrascriptorum
1355 917 1588 973 presencia
1620 917 1914 973 personaliter
1935 917 2098 960 consti-

287 997 413 1033 tutus
454 987 728 1032 honorabilis
767 987 835 1030 vir
875 987 1136 1031 Willelmus
1179 987 1374 1030 Rolland
1415 1002 1530 1030 vnus
1571 988 1838 1031 balliuorum
1876 987 2002 1043 burgi
2044 989 2098 1031 de

287 1060 497 1104 abirdene
542 1059 707 1102 virtute
759 1058 992 1101 cuiusdam
1044 1057 1361 1113 resignationis
1412 1073 1490 1113 per
1540 1059 1766 1113 quondam
1814 1059 2098 1103 Willelmum

287 1130 463 1174 blinsell
495 1130 762 1184 burgensem
794 1129 848 1171 de
881 1128 1064 1171 abirden
1100 1127 1146 1170 in
1181 1127 1390 1171 manibus
1421 1128 1514 1171 suis
1544 1129 1662 1172 facte
1699 1129 1888 1172 contulit
1920 1135 1963 1172 et
1996 1144 2098 1173 curn

287 1201 447 1243 effectu
495 1198 758 1242 deliberauit
800 1198 1010 1241 Discreto
1050 1197 1144 1240 viro
1186 1198 1367 1241 domino
1408 1198 1619 1241 willelmo
1661 1200 1812 1254 Cupar
1853 1199 2098 1255 Capellano

287 1269 441 1313 altaris
463 1270 592 1313 beate
606 1269 697 1323 [sic]
711 1268 865 1311 thome
889 1267 1086 1311 martiris
1113 1268 1226 1311 infra
1255 1268 1492 1311 ecclesiam
1511 1269 1814 1324 parochialem
1837 1270 2098 1313 abirdonen-

286 1354 381 1382 sem
404 1338 559 1382 situati
581 1337 857 1394 procuratori
880 1344 923 1381 et
946 1353 997 1381 eo
1020 1338 1201 1381 nomine
1225 1338 1573 1393 Capellanorum
1599 1339 1734 1382 Chori
1767 1339 1967 1382 eiusdem
1999 1355 2098 1395 pos-

286 1409 532 1453 sessionem
555 1414 726 1452 statum
749 1414 792 1451 et
825 1407 1024 1451 sasinam
1058 1408 1361 1451 successorias
1391 1407 1523 1450 vnius
1555 1408 1692 1464 annuj
1720 1408 1920 1452 redditus
1940 1408 2098 1464 viginti

287 1486 480 1536 quatuor
500 1479 745 1522 solidorum
776 1477 1011 1521 annuatim
1044 1477 1225 1520 leuandi
1257 1484 1301 1521 et
1334 1477 1608 1533 percipiendi
1637 1479 1690 1521 de
1718 1478 1827 1521 totis
1849 1485 1892 1522 et
1914 1478 2100 1534 integris

286 1550 375 1593 illis
411 1551 584 1593 duabus
619 1548 752 1592 terris
789 1548 1011 1604 Contigue
1050 1549 1310 1592 lacentibus
1342 1548 1455 1591 infra
1487 1548 1656 1592 dictum
1694 1550 1883 1604 burgum
1918 1551 1971 1592 In
2002 1549 2100 1593 vico

287 1620 514 1677 superiore
554 1618 742 1663 ecclesie
783 1633 837 1662 ex
877 1618 1064 1661 australi
1106 1625 1232 1673 parte
1274 1618 1474 1661 eiusdem
1515 1618 1632 1661 inter
1666 1624 1832 1662 terram
1875 1620 2100 1675 quondam

286 1691 451 1736 roberti
483 1691 585 1734 club
617 1705 670 1733 ex
701 1689 906 1733 orientali
939 1704 992 1732 ex
1022 1704 1110 1732 vna
1143 1690 1568 1744 terram‘quondam
1603 1689 1832 1733 alexandri
1864 1690 2101 1733 howesone

288 1777 342 1805 ex
363 1760 630 1804 occidentali
648 1760 850 1815 partibus
868 1760 923 1803 ab
941 1759 1082 1803 altera
1100 1761 1399 1803 Communem
1414 1759 1535 1802 viam
1553 1759 1722 1815 regiam
1744 1775 1900 1803 versus
1922 1762 2100 1804 boream

288 1838 332 1875 et
354 1837 520 1874 terram
543 1829 770 1873 alexandri
801 1830 1033 1885 ruyerfurd
1059 1837 1215 1872 versus
1247 1835 1450 1872 austrum
1482 1829 1602 1872 dicto
1633 1830 1866 1874 Willelmo
1888 1837 2103 1886 proantea

288 1901 485 1945 debitam
508 1915 586 1956 per
606 1907 722 1943 terre
744 1906 787 1943 et
809 1899 971 1955 lapidis
993 1899 1281 1943 donationem
1304 1900 1494 1943 contulit
1516 1907 1560 1943 et
1591 1900 1637 1943 in
1659 1901 1820 1944 effectu
1841 1901 2103 1945 deliberauit

290 1973 479 2014 Necnon
516 1985 594 2026 per
627 1970 760 2013 vnius
796 1969 965 2026 denarij
1010 1972 1064 2013 de
1105 1970 1233 2013 intoll
1275 1969 1448 2014 induxit
1490 1971 1704 2026 imposuit
1733 1978 1777 2015 et
1813 1973 2104 2028 corporaliter

287 2040 521 2084 inuestiuit
563 2041 811 2084 secundum
856 2040 1105 2084 laudabiles
1152 2039 1501 2084 consuetudines
1548 2043 1790 2098 burgorum
1832 2043 1958 2086 saluo
2001 2044 2103 2086 Iure

289 2109 526 2154 cuiuslibet
563 2110 735 2153 dandas
776 2115 819 2152 et
861 2111 1172 2153 concedendas
1213 2110 1346 2154 dictis
1383 2110 1629 2166 capellanis
1665 2117 1709 2155 et
1742 2126 1895 2155 eorum
1929 2127 2103 2156 succes-

289 2179 465 2223 soribus
505 2178 868 2234 procuratoribus
902 2180 1019 2234 quod
1056 2179 1241 2222 liberam
1279 2185 1552 2236 potestatem
1584 2173 1628 2223 et
1658 2180 1922 2224 facultatem
1960 2181 2104 2225 dictas

286 2255 432 2292 terras
452 2247 667 2291 namandi
689 2254 733 2291 et
756 2247 1049 2304 distringendj
1078 2263 1158 2304 pro
1189 2248 1308 2292 dicto
1340 2263 1490 2292 annuo
1521 2249 1698 2293 redditu
1721 2249 1816 2294 sine
1838 2265 2104 2307 quocunque

290 2319 407 2363 Iuris
428 2318 634 2362 ministro
657 2324 724 2361 set
747 2320 803 2362 ad
824 2319 1026 2374 proprias
1049 2333 1211 2362 manus
1239 2326 1288 2362 ut
1311 2319 1449 2362 moris
1471 2326 1538 2363 est
1561 2320 1734 2363 tociens
1756 2321 1969 2376 quociens
1991 2337 2104 2378 opus

287 2388 419 2432 fuerit
460 2402 595 2444 super
634 2388 795 2443 quibus
835 2388 1045 2432 omnibus
1090 2395 1133 2432 et
1176 2388 1365 2444 singulis
1406 2389 1554 2432 dictus
1594 2390 1803 2434 dominus
1843 2391 2103 2435 Willelmus

289 2458 471 2501 nomine
492 2458 798 2514 procuratorio
820 2473 1046 2514 quosupra
1068 2473 1094 2502 a
1120 2473 1192 2502 me
1219 2458 1394 2502 notario
1422 2459 1600 2515 publico
1629 2460 1881 2517 subscripto
1903 2461 1986 2505 sibi
2008 2463 2102 2505 fieri

290 2527 419 2584 petijt
441 2543 625 2584 presens
646 2528 875 2584 publicum
898 2529 1248 2572 instrumentum
1271 2531 1385 2572 Acta
1414 2536 1541 2572 erant
1564 2530 1646 2574 hec
1670 2545 1803 2586 super
1824 2532 1969 2574 solum
1992 2532 2101 2576 dict-

289 2614 417 2642 arum
439 2605 659 2642 terrarum
682 2599 839 2642 horam
857 2599 1034 2643 circiter
1051 2615 1217 2643 nonam
1235 2606 1339 2644 ante
1357 2601 1588 2645 meridiem
1613 2603 1694 2645 sub
1716 2617 1834 2645 anno
1857 2602 1926 2646 die
1949 2618 2102 2646 mense

291 2669 542 2712 Indictione
564 2675 608 2712 et
630 2670 909 2726 pontifficatu
933 2671 1092 2726 quibus
1115 2686 1249 2726 supra
1272 2671 1561 2716 Presentibus
1582 2672 1747 2716 ibidem
1770 2673 2104 2717 honorabilibus

290 2745 333 2783 et
367 2739 566 2795 prouidis
586 2740 694 2783 viris
716 2741 922 2785 Waltero
946 2742 1109 2785 Cullan
1140 2741 1359 2797 Magistro
1391 2743 1558 2786 andrea
1579 2743 1741 2786 tulidef
1758 2744 1991 2788 Willelmo
2019 2745 2102 2787 rol-

290 2809 395 2853 land
430 2809 609 2853 Iuniore
641 2812 865 2854 Duncano
896 2810 1058 2854 tulidef
1090 2811 1310 2855 michaele
1341 2812 1503 2855 tulidef
1531 2814 1591 2855 Et
1623 2812 1758 2856 dauid
1798 2812 1969 2856 heroun
2004 2815 2102 2858 Ser-

289 2879 454 2935 giando
484 2895 678 2924 vnacum
713 2880 901 2925 diuersis
933 2882 1035 2938 alijs
1064 2888 1110 2936 et
1143 2882 1331 2939 singulis
1367 2883 1559 2928 testibus
1591 2885 1647 2927 ad
1680 2883 1898 2940 premissa
1929 2885 2101 2929 vocatis

291 2949 458 3009 pariter
478 2956 522 2993 et
544 2950 712 3006 rogatis

2124 581 2182 613 fol.
2201 581 2263 614 58¹

2128 692 2305 724 Possessio

2127 736 2230 766 annui
2242 736 2392 768 redditus

2127 779 2218 820 xxiiij
2238 779 2315 811 soli-

2127 822 2245 854 dorum
2262 822 2356 855 dato-

2127 876 2200 896 rum
2218 876 2275 907 per

2127 909 2299 950 quondam

2128 953 2340 984 Willelmum

2127 995 2263 1028 blinsell

2129 1117 2167 1147 23
2184 1108 2298 1150 Martij
2315 1109 2395 1138 1606

2128 1217 2328 1259 productum
2347 1218 2380 1249 in

2128 1262 2267 1293 modum

2129 1305 2368 1337 Instructionis

2202 1349 2395 1380 Mollesoun

2287 1392 2398 1424 scriba
