2524 3418
165 2491 220 2523 sol.
245 2491 306 2522 110
317 2488 330 2508 ²

451 307 532 348 274
716 295 845 336 Carta
869 295 1108 349 fizcdzflrrttc
1140 294 1288 334 andree
1321 292 1420 334 buck
1452 293 1498 333 de
1526 292 1709 348 piscaria
1741 293 1788 334 de
1820 292 1860 346 ly
1883 293 2026 347 surdis

450 424 526 451 seu
553 411 824 464 procreande
847 411 1014 463 absque
1044 409 1263 451 diuisione
1298 410 1349 450 In
1383 408 1607 461 integrum
1642 407 1932 450 succendenti
1965 408 2127 462 quibus
2157 409 2273 452 forte

450 478 760 520 deficientibus
793 478 1029 519 heredibus
1061 476 1451 531 propinquioribus
1484 475 1697 530 legitimis
1732 476 1881 530 Ipsius
1907 477 2071 519 andree
2103 484 2146 520 et
2180 477 2274 521 suis

450 546 692 599 assignatis
715 543 1053 600 quibuscunque
1086 552 1228 587 totam
1263 552 1306 586 et
1339 545 1560 598 integram
1595 544 1835 599 piscariam
1859 551 2061 588 nostram
2089 546 2274 589 dimedii

451 615 590 657 rethis
613 617 665 656 de
690 615 732 669 ly
754 614 892 656 surdis
923 629 1056 668 super
1087 628 1203 668 aqua
1236 615 1288 655 de
1321 614 1401 655 dee
1423 627 1526 655 cum
1561 612 1653 654 suis
1686 613 1897 667 proficuis
1919 620 1962 656 et
1985 614 2276 669 pertinenciis

451 684 594 726 solitis
617 691 659 724 et
684 682 910 724 consuetis
945 684 1174 724 Iacentem
1203 681 1315 723 infra
1349 681 1603 723 libertatem
1631 680 1739 723 dicti
1772 681 1899 736 burgi
1922 688 1966 724 et
1988 681 2276 726 vicecomita-

451 762 546 796 tum
570 755 623 795 de
647 753 856 794 abirdene
879 753 1006 794 TEN
1018 753 1099 793 EN
1111 753 1243 793 DAM
1269 758 1312 793 et
1336 751 1590 793 habendam
1614 757 1758 793 totam
1782 758 1825 793 et
1849 751 2071 806 integram
2105 752 2274 796 dictam

451 824 690 879 piscariam
715 823 894 877 dimedij
920 823 1060 864 rhetis
1093 824 1146 864 de
1180 823 1223 876 ly
1254 822 1395 863 surdis
1427 836 1530 863 cum
1564 821 1658 864 suis
1689 822 1902 876 proficuis
1925 829 1968 865 et
1991 823 2277 878 pertinentiis

452 894 633 950 prefatis
656 895 818 936 andree
851 894 940 936 buk
972 900 1014 935 et
1049 893 1230 934 metilde
1262 906 1472 946 mengzes
1496 907 1660 947 sponse
1683 907 1762 934 sue
1786 907 1939 935 secum
1963 893 2008 935 in
2032 892 2275 938 coniuncta

452 963 751 1006 infeodatione
774 969 817 1004 et
841 976 994 1004 eorum
1018 961 1147 1004 alteri
1171 961 1340 1003 diutius
1361 960 1531 1002 viuenti
1564 967 1608 1003 et
1640 961 1880 1004 heredibus
1910 961 2127 1005 masculis
2151 963 2278 1005 Inter

453 1036 631 1077 eosdem
671 1033 867 1087 legitime
905 1032 1150 1088 procreatis
1189 1046 1266 1074 seu
1305 1031 1592 1086 procreandis
1625 1031 1787 1086 quibus
1818 1032 1931 1074 forte
1964 1031 2278 1075 deficientibus

454 1093 615 1135 seniori
639 1093 852 1134 heredum
885 1091 1181 1133 feminearum
1217 1091 1342 1131 Inter
1374 1091 1554 1131 eosdem
1589 1089 1787 1144 legitime
1820 1097 2053 1145 procreate
2076 1105 2156 1134 seu
2178 1105 2278 1146 pro-

454 1163 643 1204 creande
667 1163 834 1215 absque
857 1160 1077 1202 diuisione
1103 1160 1155 1200 In
1179 1159 1402 1213 integrum
1429 1158 1687 1201 succedenti
1711 1159 1873 1213 quibus
1895 1159 2010 1202 forte
2033 1159 2279 1203 deficienti-

455 1234 536 1274 bus
560 1232 796 1273 heredibus
829 1230 1219 1285 propinquioribus
1242 1229 1455 1284 legitimis
1480 1229 1630 1284 Ipsius
1663 1230 1827 1272 andree
1850 1236 1893 1272 et
1917 1230 2011 1273 suis
2033 1229 2279 1287 assignatis

455 1303 792 1357 quibuscunque
816 1303 868 1343 de
892 1300 1020 1343 nobis
1043 1308 1086 1342 et
1110 1299 1444 1342 successoribus
1477 1299 1643 1341 nostris
1675 1299 1922 1354 capellanis
1944 1300 2052 1343 dicti
2076 1300 2200 1343 chori
2225 1301 2279 1342 In

455 1372 704 1414 feudifirma
744 1371 1012 1413 hereditaria
1043 1371 1107 1412 Ac
1141 1370 1185 1411 in
1218 1370 1355 1412 libero
1388 1369 1605 1424 burgagio
1641 1370 1978 1425 Imperpetuum
2012 1385 2115 1413 cum
2155 1369 2278 1413 omni

458 1444 559 1484 Iure
592 1450 634 1483 et
670 1441 961 1483 Iurisclameo
994 1440 1125 1482 titulo
1159 1440 1430 1494 proprietate
1463 1446 1506 1481 et
1540 1439 1823 1494 possessione
1845 1441 1909 1482 Ac
1934 1455 2036 1482 cum
2069 1440 2280 1483 omnibus

457 1512 556 1554 aliis
578 1519 620 1553 et
645 1511 832 1566 singulis
855 1510 1135 1552 libertatibus
1158 1509 1556 1552 commoditatibus
1578 1515 1621 1551 et
1645 1509 1908 1551 asiamentis
1931 1510 1995 1552 Ac
2020 1509 2160 1552 Iustis
2186 1509 2280 1552 suis

457 1581 744 1637 pertinenciis
767 1581 1106 1635 quibuscunque
1137 1581 1193 1621 ad
1222 1579 1470 1634 predictam
1495 1578 1735 1633 piscariam
1759 1593 1862 1621 cum
1886 1578 1980 1621 suis
2002 1579 2214 1633 proficuis
2236 1585 2280 1622 et

458 1651 744 1706 pertinenciis
782 1650 1090 1705 spectantibus
1128 1664 1206 1691 seu
1246 1651 1370 1691 Iuste
1409 1655 1612 1703 spectare
1648 1648 1902 1691 valentibus
1945 1649 2280 1704 quomodolibet

458 1722 502 1763 in
539 1722 737 1763 futurum
775 1721 910 1762 libere
947 1720 1095 1774 quiete
1130 1719 1327 1774 plenarie
1365 1719 1537 1773 integre
1579 1718 1824 1760 honorifice
1861 1719 1973 1762 bene
2016 1724 2059 1761 et
2091 1718 2137 1761 in
2170 1733 2281 1774 pace

457 1792 551 1833 sine
576 1791 904 1846 Impedimento
928 1790 1161 1832 obstaculo
1184 1796 1261 1831 aut
1284 1788 1570 1831 reuocatione
1593 1788 1934 1843 quibuscunque
1956 1795 2161 1831 nostrum
2180 1803 2279 1832 suc-

458 1875 683 1903 cessorum
707 1867 961 1902 nostrorum
982 1874 1059 1901 seu
1077 1859 1268 1901 aliorum
1292 1872 1662 1913 quorumcunque
1687 1859 2053 1901 REDDENDO
2078 1858 2181 1901 inde
2203 1872 2281 1902 an-

457 1930 630 1973 nuatim
661 1930 766 1972 dicti
799 1931 987 1972 andreas
1010 1936 1053 1971 et
1077 1928 1283 1971 metildes
1307 1928 1374 1970 sui
1398 1928 1584 1970 heredes
1606 1934 1649 1969 et
1671 1927 1890 1982 assignati
1912 1927 2128 1970 antedicti
2149 1927 2279 1974 nobis

459 2008 500 2043 et
525 2000 856 2042 successoribus
888 1998 1054 2040 nostris
1077 2013 1154 2041 seu
1179 1998 1492 2041 collectoribus
1519 2012 1597 2052 pro
1623 2004 1826 2052 tempore
1859 2012 2086 2040 summam
2115 2012 2279 2040 nouem

459 2071 670 2112 librarum
693 2069 906 2112 tredecim
925 2069 1167 2111 solidorum
1186 2075 1229 2110 et
1248 2075 1440 2123 quatuor
1462 2067 1748 2110 denariorum
1766 2067 1936 2110 vsualis
1959 2074 2139 2110 monete
2156 2067 2281 2123 regni

461 2140 598 2182 scotie
621 2147 836 2194 tanquam
860 2154 938 2194 pro
960 2138 1146 2193 antiqua
1164 2139 1292 2180 firma
1316 2139 1505 2180 Necnon
1529 2152 1606 2179 sex
1629 2137 1795 2180 solidos
1812 2143 1855 2179 et
1873 2144 1975 2179 octo
1997 2137 2204 2180 denarios
2228 2139 2281 2180 In

461 2209 872 2265 augmentationem
905 2208 1090 2250 rentalis
1112 2208 1252 2250 nostri
1275 2207 1510 2250 annuatim
1535 2208 1774 2262 plusquam
1796 2221 1993 2261 vnquam
2024 2207 2282 2250 huiusmodi

460 2280 650 2335 piscaria
682 2279 809 2321 nobis
831 2285 908 2321 aut
931 2278 1308 2333 predicessoribus
1335 2277 1500 2320 nostris
1525 2278 1578 2319 In
1600 2277 1750 2319 valore
1782 2276 1970 2331 pecunie
1995 2277 2281 2331 persoluebat

459 2351 773 2392 extendentem
791 2349 835 2390 in
853 2355 948 2390 toto
966 2349 1022 2390 ad
1037 2363 1263 2390 summam
1282 2349 1435 2390 decern
1455 2347 1667 2390 librarum
1686 2353 1866 2388 monete
1883 2346 2082 2401 predicte
2097 2347 2153 2389 ad
2169 2347 2282 2389 duos

461 2419 566 2462 anni
598 2419 813 2461 terminos
838 2418 1018 2460 vsuales
1050 2417 1325 2472 penticostes
1346 2416 1553 2459 videlicet
1587 2422 1629 2458 et
1664 2415 1809 2458 sancti
1843 2415 2026 2470 martinj
2052 2415 2097 2457 in
2120 2415 2282 2471 hyeme

462 2504 539 2544 per
560 2489 741 2544 equales
763 2490 874 2530 duas
907 2487 1078 2530 medias
1109 2487 1337 2542 portiones
1359 2486 1540 2529 nomine
1563 2485 1813 2528 feudifirme
1842 2487 1938 2528 Nec
1965 2499 2055 2527 non
2076 2485 2282 2528 faciendo

462 2559 563 2601 inde
605 2558 839 2600 annuatim
882 2572 1088 2612 supreme
1129 2557 1309 2599 domine
1350 2562 1503 2599 nostre
1540 2555 1691 2610 regine
1729 2561 1772 2597 et
1811 2554 1905 2597 suis
1943 2554 2282 2598 successoribus

463 2629 640 2684 regibus
677 2642 755 2669 seu
792 2627 956 2682 reginis
990 2626 1128 2669 scotie
1161 2626 1401 2669 seruicium
1429 2612 1696 2680 burgagium
1729 2624 1832 2666 inde
1865 2624 2066 2666 debitum
2100 2630 2144 2666 et
2177 2639 2282 2667 con-

464 2704 641 2740 suetum
678 2697 877 2739 Tantum
910 2711 988 2751 pro
1021 2695 1142 2738 omni
1181 2696 1268 2738 alio
1301 2710 1434 2738 onere
1472 2694 1662 2737 seruicio
1699 2693 1892 2736 seculari
1929 2693 2164 2736 exactione
2202 2708 2282 2737 seu

463 2769 685 2810 demanda
707 2781 791 2820 que
814 2767 867 2808 de
889 2766 1088 2820 predicta
1111 2765 1304 2820 piscaria
1326 2780 1428 2807 cum
1453 2764 1545 2806 suis
1568 2763 1858 2819 pertinenciis
1888 2762 2144 2817 aliqualiter
2165 2762 2281 2818 exigi

464 2837 656 2893 poterint
679 2844 756 2879 aut
778 2836 941 2890 requiri
964 2836 1144 2890 prouiso
1167 2842 1321 2878 tamen
1351 2836 1468 2889 quod
1502 2834 1538 2876 si
1571 2833 1808 2888 contigerit
1831 2833 1976 2875 dictos
1999 2834 2214 2876 andream
2237 2839 2281 2876 et

465 2907 693 2949 metildem
732 2920 836 2947 suos
873 2905 1058 2947 heredes
1090 2911 1133 2947 et
1167 2904 1422 2959 assignatos
1454 2903 1707 2946 antedictos
1739 2903 1928 2945 deficere
1968 2903 2021 2944 In
2059 2901 2281 2944 solutione
