<?xml version="1.0" encoding="UTF-8"?>
<!DOCTYPE html PUBLIC "-//W3C//DTD XHTML 1.0 Transitional//EN"
    "http://www.w3.org/TR/xhtml1/DTD/xhtml1-transitional.dtd">
<html xmlns="http://www.w3.org/1999/xhtml" xml:lang="en" lang="en">
 <head>
  <title>
</title>
<meta http-equiv="Content-Type" content="text/html;charset=utf-8" />
  <meta name='ocr-system' content='tesseract 3.04.00' />
  <meta name='ocr-capabilities' content='ocr_page ocr_carea ocr_par ocr_line ocrx_word'/>
</head>
<body>
  <div class='ocr_page' id='page_1' title='image "./cartulariumeccle01sainuoft_0285.png"; bbox 0 0 2524 3418; ppageno 0'>
   <div class='ocr_carea' id='block_1_1' title="bbox 511 304 2073 360">
    <p class='ocr_par' dir='ltr' id='par_1_1' title="bbox 511 304 2073 360">
     <span class='ocr_line' id='line_1_1' title="bbox 511 304 2073 360; baseline -0.001 -12"><span class='ocrx_word' id='word_1_1' title='bbox 511 306 722 349; x_wconf 73' lang='lat' dir='ltr'>Statutum</span> <span class='ocrx_word' id='word_1_2' title='bbox 752 306 798 347; x_wconf 79' lang='lat' dir='ltr'>de</span> <span class='ocrx_word' id='word_1_3' title='bbox 829 304 1131 360; x_wconf 75' lang='lat' dir='ltr'>capellanorum</span> <span class='ocrx_word' id='word_1_4' title='bbox 1162 304 1350 346; x_wconf 77' lang='lat' dir='ltr'><strong><em>absencia</em></strong></span> <span class='ocrx_word' id='word_1_5' title='bbox 1380 319 1406 346; x_wconf 81' lang='lat' dir='ltr'>a</span> <span class='ocrx_word' id='word_1_6' title='bbox 1437 304 1566 346; x_wconf 77' lang='lat' dir='ltr'>variis</span> <span class='ocrx_word' id='word_1_7' title='bbox 1598 304 1832 346; x_wconf 79' lang='lat' dir='ltr'><em>ceremoniis</em></span> <span class='ocrx_word' id='word_1_8' title='bbox 1992 317 2073 359; x_wconf 86' lang='lat'>253</span> 
     </span>
    </p>
   </div>
   <div class='ocr_carea' id='block_1_2' title="bbox 268 419 2081 2012">
    <p class='ocr_par' dir='ltr' id='par_1_2' title="bbox 268 419 2075 602">
     <span class='ocr_line' id='line_1_2' title="bbox 268 419 2075 477; baseline -0.001 -13"><span class='ocrx_word' id='word_1_9' title='bbox 268 423 336 464; x_wconf 93' lang='lat' dir='ltr'>vel</span> <span class='ocrx_word' id='word_1_10' title='bbox 360 422 584 477; x_wconf 87' lang='lat' dir='ltr'>deputatis</span> <span class='ocrx_word' id='word_1_11' title='bbox 607 422 724 464; x_wconf 91' lang='lat' dir='ltr'>circa</span> <span class='ocrx_word' id='word_1_12' title='bbox 746 434 1007 475; x_wconf 85' lang='lat' dir='ltr'>quecunque</span> <span class='ocrx_word' id='word_1_13' title='bbox 1028 419 1246 462; x_wconf 88' lang='lat' dir='ltr'>funeralia</span> <span class='ocrx_word' id='word_1_14' title='bbox 1269 427 1345 462; x_wconf 90' lang='lat' dir='ltr'>aut</span> <span class='ocrx_word' id='word_1_15' title='bbox 1369 420 1579 474; x_wconf 84' lang='lat' dir='ltr'>exequias</span> <span class='ocrx_word' id='word_1_16' title='bbox 1603 421 1662 461; x_wconf 92' lang='lat' dir='ltr'>Et</span> <span class='ocrx_word' id='word_1_17' title='bbox 1685 421 1801 474; x_wconf 92' lang='lat' dir='ltr'>quod</span> <span class='ocrx_word' id='word_1_18' title='bbox 1824 420 1975 462; x_wconf 90' lang='lat' dir='ltr'>omnia</span> <span class='ocrx_word' id='word_1_19' title='bbox 1999 420 2075 462; x_wconf 92' lang='lat' dir='ltr'>illa</span> 
     </span>
     <span class='ocr_line' id='line_1_3' title="bbox 269 489 2074 546; baseline -0.001 -13"><span class='ocrx_word' id='word_1_20' title='bbox 269 492 487 546; x_wconf 84' lang='lat' dir='ltr'>equaliter</span> <span class='ocrx_word' id='word_1_21' title='bbox 517 491 840 533; x_wconf 84' lang='lat' dir='ltr'>distribuantur</span> <span class='ocrx_word' id='word_1_22' title='bbox 870 489 958 531; x_wconf 89' lang='lat' dir='ltr'>illis</span> <span class='ocrx_word' id='word_1_23' title='bbox 990 489 1158 544; x_wconf 92' lang='lat' dir='ltr'>precise</span> <span class='ocrx_word' id='word_1_24' title='bbox 1191 490 1265 544; x_wconf 90' lang='lat' dir='ltr'>qui</span> <span class='ocrx_word' id='word_1_25' title='bbox 1298 490 1594 532; x_wconf 88' lang='lat' dir='ltr'>communiter</span> <span class='ocrx_word' id='word_1_26' title='bbox 1619 489 1825 531; x_wconf 83' lang='lat' dir='ltr'>intersint</span> <span class='ocrx_word' id='word_1_27' title='bbox 1848 490 1892 531; x_wconf 89' lang='lat' dir='ltr'>in</span> <span class='ocrx_word' id='word_1_28' title='bbox 1915 489 2074 544; x_wconf 87' lang='lat' dir='ltr'>officijs</span> 
     </span>
     <span class='ocr_line' id='line_1_4' title="bbox 271 558 786 602; baseline -0.002 -1"><span class='ocrx_word' id='word_1_29' title='bbox 271 559 436 601; x_wconf 88' lang='lat' dir='ltr'>diuinis</span> <span class='ocrx_word' id='word_1_30' title='bbox 459 566 502 602; x_wconf 92' lang='lat' dir='ltr'>et</span> <span class='ocrx_word' id='word_1_31' title='bbox 525 559 635 601; x_wconf 91' lang='lat' dir='ltr'>nulli</span> <span class='ocrx_word' id='word_1_32' title='bbox 658 558 786 600; x_wconf 88' lang='lat' dir='ltr'>alteri</span> 
     </span>
    </p>

    <p class='ocr_par' dir='ltr' id='par_1_3' title="bbox 270 627 2077 892">
     <span class='ocr_line' id='line_1_5' title="bbox 388 627 2076 684; baseline -0.001 -13"><span class='ocrx_word' id='word_1_33' title='bbox 388 631 503 672; x_wconf 89' lang='lat' dir='ltr'>Item</span> <span class='ocrx_word' id='word_1_34' title='bbox 526 630 642 684; x_wconf 92' lang='lat' dir='ltr'>quod</span> <span class='ocrx_word' id='word_1_35' title='bbox 665 642 820 671; x_wconf 88' lang='lat' dir='ltr'>omnes</span> <span class='ocrx_word' id='word_1_36' title='bbox 842 627 1062 682; x_wconf 89' lang='lat' dir='ltr'>capellani</span> <span class='ocrx_word' id='word_1_37' title='bbox 1095 627 1168 681; x_wconf 92' lang='lat' dir='ltr'>qui</span> <span class='ocrx_word' id='word_1_38' title='bbox 1201 642 1253 669; x_wconf 81' lang='lat' dir='ltr'>ex</span> <span class='ocrx_word' id='word_1_39' title='bbox 1285 627 1435 681; x_wconf 88' lang='lat' dir='ltr'>aliqua</span> <span class='ocrx_word' id='word_1_40' title='bbox 1465 627 1731 670; x_wconf 81' lang='lat' dir='ltr'>fundacione</span> <span class='ocrx_word' id='word_1_41' title='bbox 1754 628 1922 670; x_wconf 90' lang='lat' dir='ltr'>habent</span> <span class='ocrx_word' id='word_1_42' title='bbox 1948 642 2076 670; x_wconf 91' lang='lat' dir='ltr'>suam</span> 
     </span>
     <span class='ocr_line' id='line_1_6' title="bbox 270 696 2075 752; baseline -0.002 -11"><span class='ocrx_word' id='word_1_43' title='bbox 270 705 678 741; x_wconf 85' lang='lat' dir='ltr'>sustentamentum</span> <span class='ocrx_word' id='word_1_44' title='bbox 711 697 755 739; x_wconf 91' lang='lat' dir='ltr'>in</span> <span class='ocrx_word' id='word_1_45' title='bbox 788 696 907 739; x_wconf 92' lang='lat' dir='ltr'>dicta</span> <span class='ocrx_word' id='word_1_46' title='bbox 944 696 1132 739; x_wconf 90' lang='lat' dir='ltr'>ecclesia</span> <span class='ocrx_word' id='word_1_47' title='bbox 1166 696 1492 750; x_wconf 88' lang='lat' dir='ltr'>compellantur</span> <span class='ocrx_word' id='word_1_48' title='bbox 1521 711 1599 752; x_wconf 87' lang='lat' dir='ltr'>per</span> <span class='ocrx_word' id='word_1_49' title='bbox 1626 712 1804 739; x_wconf 91' lang='lat' dir='ltr'>omnem</span> <span class='ocrx_word' id='word_1_50' title='bbox 1838 711 2075 739; x_wconf 88' lang='lat' dir='ltr'>censuram</span> 
     </span>
     <span class='ocr_line' id='line_1_7' title="bbox 270 766 2077 812; baseline -0.001 -2"><span class='ocrx_word' id='word_1_51' title='bbox 270 769 622 812; x_wconf 90' lang='lat' dir='ltr'>ecclesiasticam</span> <span class='ocrx_word' id='word_1_52' title='bbox 646 770 702 811; x_wconf 90' lang='lat' dir='ltr'>ad</span> <span class='ocrx_word' id='word_1_53' title='bbox 726 768 1005 810; x_wconf 91' lang='lat' dir='ltr'>subeundum</span> <span class='ocrx_word' id='word_1_54' title='bbox 1029 767 1174 809; x_wconf 89' lang='lat' dir='ltr'>omnis</span> <span class='ocrx_word' id='word_1_55' title='bbox 1196 766 1335 809; x_wconf 89' lang='lat' dir='ltr'>diuini</span> <span class='ocrx_word' id='word_1_56' title='bbox 1358 768 1506 809; x_wconf 92' lang='lat' dir='ltr'>cultus</span> <span class='ocrx_word' id='word_1_57' title='bbox 1529 774 1571 809; x_wconf 94' lang='lat' dir='ltr'>et</span> <span class='ocrx_word' id='word_1_58' title='bbox 1595 767 1764 809; x_wconf 90' lang='lat' dir='ltr'>seruitii</span> <span class='ocrx_word' id='word_1_59' title='bbox 1788 766 1904 809; x_wconf 89' lang='lat' dir='ltr'>circa</span> <span class='ocrx_word' id='word_1_60' title='bbox 1927 767 2077 809; x_wconf 90' lang='lat' dir='ltr'>omnia</span> 
     </span>
     <span class='ocr_line' id='line_1_8' title="bbox 271 839 489 892; baseline 0.009 -13"><span class='ocrx_word' id='word_1_61' title='bbox 271 839 489 892; x_wconf 90' lang='lat' dir='ltr'>premissa</span> 
     </span>
    </p>

    <p class='ocr_par' dir='ltr' id='par_1_4' title="bbox 269 905 2078 1381">
     <span class='ocr_line' id='line_1_9' title="bbox 387 905 2074 962; baseline -0.002 -12"><span class='ocrx_word' id='word_1_62' title='bbox 387 909 502 950; x_wconf 90' lang='lat' dir='ltr'>Item</span> <span class='ocrx_word' id='word_1_63' title='bbox 535 907 571 949; x_wconf 89' lang='lat' dir='ltr'>si</span> <span class='ocrx_word' id='word_1_64' title='bbox 603 907 676 962; x_wconf 92' lang='lat' dir='ltr'>qui</span> <span class='ocrx_word' id='word_1_65' title='bbox 710 922 762 949; x_wconf 81' lang='lat' dir='ltr'>ex</span> <span class='ocrx_word' id='word_1_66' title='bbox 793 906 1039 961; x_wconf 71' lang='lat' dir='ltr'>capellanis</span> <span class='ocrx_word' id='word_1_67' title='bbox 1061 905 1355 960; x_wconf 87' lang='lat' dir='ltr'>conducticijs</span> <span class='ocrx_word' id='word_1_68' title='bbox 1376 906 1445 947; x_wconf 84' lang='lat' dir='ltr'>vel</span> <span class='ocrx_word' id='word_1_69' title='bbox 1469 920 1521 947; x_wconf 87' lang='lat' dir='ltr'>ex</span> <span class='ocrx_word' id='word_1_70' title='bbox 1543 921 1589 948; x_wconf 93' lang='lat' dir='ltr'>se</span> <span class='ocrx_word' id='word_1_71' title='bbox 1611 906 1680 948; x_wconf 86' lang='lat' dir='ltr'>vel</span> <span class='ocrx_word' id='word_1_72' title='bbox 1704 920 1756 947; x_wconf 86' lang='lat' dir='ltr'>ex</span> <span class='ocrx_word' id='word_1_73' title='bbox 1778 905 2074 960; x_wconf 83' lang='lat' dir='ltr'>instigacione</span> 
     </span>
     <span class='ocr_line' id='line_1_10' title="bbox 269 976 2076 1030; baseline -0.001 -11"><span class='ocrx_word' id='word_1_74' title='bbox 269 977 550 1019; x_wconf 89' lang='lat' dir='ltr'>dominorum</span> <span class='ocrx_word' id='word_1_75' title='bbox 588 992 768 1019; x_wconf 89' lang='lat' dir='ltr'>suorum</span> <span class='ocrx_word' id='word_1_76' title='bbox 810 991 886 1018; x_wconf 88' lang='lat' dir='ltr'>eos</span> <span class='ocrx_word' id='word_1_77' title='bbox 928 976 1281 1018; x_wconf 89' lang='lat' dir='ltr'>eonducencium</span> <span class='ocrx_word' id='word_1_78' title='bbox 1320 976 1375 1017; x_wconf 90' lang='lat' dir='ltr'>ad</span> <span class='ocrx_word' id='word_1_79' title='bbox 1417 976 1634 1030; x_wconf 88' lang='lat' dir='ltr'>premissa</span> <span class='ocrx_word' id='word_1_80' title='bbox 1675 990 1809 1018; x_wconf 91' lang='lat' dir='ltr'>onera</span> <span class='ocrx_word' id='word_1_81' title='bbox 1846 977 2076 1018; x_wconf 90' lang='lat' dir='ltr'>subeunda</span> 
     </span>
     <span class='ocr_line' id='line_1_11' title="bbox 269 1045 2074 1101; baseline -0.001 -13"><span class='ocrx_word' id='word_1_82' title='bbox 269 1048 491 1090; x_wconf 90' lang='lat' dir='ltr'>noluerint</span> <span class='ocrx_word' id='word_1_83' title='bbox 543 1047 794 1090; x_wconf 91' lang='lat' dir='ltr'>consentire</span> <span class='ocrx_word' id='word_1_84' title='bbox 846 1053 1025 1101; x_wconf 89' lang='lat' dir='ltr'>propter</span> <span class='ocrx_word' id='word_1_85' title='bbox 1071 1047 1286 1088; x_wconf 89' lang='lat' dir='ltr'>honorem</span> <span class='ocrx_word' id='word_1_86' title='bbox 1338 1046 1524 1088; x_wconf 90' lang='lat' dir='ltr'>ecclesie</span> <span class='ocrx_word' id='word_1_87' title='bbox 1566 1053 1609 1088; x_wconf 88' lang='lat' dir='ltr'>et</span> <span class='ocrx_word' id='word_1_88' title='bbox 1654 1045 2074 1100; x_wconf 83' lang='lat' dir='ltr'>augmentacionem</span> 
     </span>
     <span class='ocr_line' id='line_1_12' title="bbox 270 1116 2078 1172; baseline -0.001 -13"><span class='ocrx_word' id='word_1_89' title='bbox 270 1118 418 1159; x_wconf 92' lang='lat' dir='ltr'>cultus</span> <span class='ocrx_word' id='word_1_90' title='bbox 440 1117 577 1172; x_wconf 88' lang='lat' dir='ltr'>diuinj</span> <span class='ocrx_word' id='word_1_91' title='bbox 612 1119 728 1171; x_wconf 91' lang='lat' dir='ltr'>quod</span> <span class='ocrx_word' id='word_1_92' title='bbox 761 1117 1023 1171; x_wconf 89' lang='lat' dir='ltr'>simpliciter</span> <span class='ocrx_word' id='word_1_93' title='bbox 1055 1118 1385 1171; x_wconf 88' lang='lat' dir='ltr'>suspendantur</span> <span class='ocrx_word' id='word_1_94' title='bbox 1416 1117 1471 1158; x_wconf 91' lang='lat' dir='ltr'>ab</span> <span class='ocrx_word' id='word_1_95' title='bbox 1503 1116 1705 1171; x_wconf 86' lang='lat' dir='ltr'>ingressu</span> <span class='ocrx_word' id='word_1_96' title='bbox 1732 1116 1854 1158; x_wconf 91' lang='lat' dir='ltr'>chori</span> <span class='ocrx_word' id='word_1_97' title='bbox 1877 1123 2078 1170; x_wconf 92' lang='lat' dir='ltr'>tempore</span> 
     </span>
     <span class='ocr_line' id='line_1_13' title="bbox 271 1186 2078 1241; baseline -0.001 -12"><span class='ocrx_word' id='word_1_98' title='bbox 271 1202 357 1241; x_wconf 92' lang='lat' dir='ltr'>quo</span> <span class='ocrx_word' id='word_1_99' title='bbox 399 1188 680 1234; x_wconf 89' lang='lat' dir='ltr'>celebrantur</span> <span class='ocrx_word' id='word_1_100' title='bbox 731 1186 884 1229; x_wconf 91' lang='lat' dir='ltr'>diuina</span> <span class='ocrx_word' id='word_1_101' title='bbox 928 1186 1218 1241; x_wconf 89' lang='lat' dir='ltr'>solempniter</span> <span class='ocrx_word' id='word_1_102' title='bbox 1258 1187 1302 1227; x_wconf 92' lang='lat' dir='ltr'>in</span> <span class='ocrx_word' id='word_1_103' title='bbox 1345 1187 1500 1228; x_wconf 90' lang='lat' dir='ltr'>eodem</span> <span class='ocrx_word' id='word_1_104' title='bbox 1543 1187 1679 1228; x_wconf 84' lang='lat' dir='ltr'>etiam</span> <span class='ocrx_word' id='word_1_105' title='bbox 1722 1201 1748 1228; x_wconf 92' lang='lat' dir='ltr'>a</span> <span class='ocrx_word' id='word_1_106' title='bbox 1790 1186 2078 1241; x_wconf 88' lang='lat' dir='ltr'>percepcione</span> 
     </span>
     <span class='ocr_line' id='line_1_14' title="bbox 271 1255 2075 1311; baseline 0.001 -14"><span class='ocrx_word' id='word_1_107' title='bbox 271 1270 636 1310; x_wconf 91' lang='lat' dir='ltr'>quorumcunque</span> <span class='ocrx_word' id='word_1_108' title='bbox 659 1256 966 1298; x_wconf 90' lang='lat' dir='ltr'>communium</span> <span class='ocrx_word' id='word_1_109' title='bbox 999 1255 1410 1311; x_wconf 88' lang='lat' dir='ltr'>superuenientium</span> <span class='ocrx_word' id='word_1_110' title='bbox 1444 1271 1496 1298; x_wconf 84' lang='lat' dir='ltr'>ex</span> <span class='ocrx_word' id='word_1_111' title='bbox 1530 1257 1679 1298; x_wconf 90' lang='lat' dir='ltr'>missis</span> <span class='ocrx_word' id='word_1_112' title='bbox 1710 1257 1984 1299; x_wconf 87' lang='lat' dir='ltr'>funeralibus</span> <span class='ocrx_word' id='word_1_113' title='bbox 2006 1258 2075 1299; x_wconf 93' lang='lat' dir='ltr'>vel</span> 
     </span>
     <span class='ocr_line' id='line_1_15' title="bbox 270 1325 1051 1381; baseline 0.001 -14"><span class='ocrx_word' id='word_1_114' title='bbox 270 1325 469 1380; x_wconf 84' lang='lat' dir='ltr'>exequijs</span> <span class='ocrx_word' id='word_1_115' title='bbox 492 1332 568 1368; x_wconf 91' lang='lat' dir='ltr'>aut</span> <span class='ocrx_word' id='word_1_116' title='bbox 591 1325 692 1368; x_wconf 89' lang='lat' dir='ltr'>aliis</span> <span class='ocrx_word' id='word_1_117' title='bbox 714 1326 1051 1381; x_wconf 84' lang='lat' dir='ltr'>quibuscunque</span> 
     </span>
    </p>

    <p class='ocr_par' dir='ltr' id='par_1_5' title="bbox 270 1395 2081 2012">
     <span class='ocr_line' id='line_1_16' title="bbox 387 1395 2080 1451; baseline 0.001 -13"><span class='ocrx_word' id='word_1_118' title='bbox 387 1397 501 1438; x_wconf 89' lang='lat' dir='ltr'>Item</span> <span class='ocrx_word' id='word_1_119' title='bbox 540 1396 576 1438; x_wconf 91' lang='lat' dir='ltr'>si</span> <span class='ocrx_word' id='word_1_120' title='bbox 614 1397 845 1451; x_wconf 86' lang='lat' dir='ltr'>contingat</span> <span class='ocrx_word' id='word_1_121' title='bbox 882 1398 999 1451; x_wconf 92' lang='lat' dir='ltr'>quod</span> <span class='ocrx_word' id='word_1_122' title='bbox 1037 1396 1199 1451; x_wconf 88' lang='lat' dir='ltr'>aliquis</span> <span class='ocrx_word' id='word_1_123' title='bbox 1236 1395 1428 1451; x_wconf 87' lang='lat' dir='ltr'>scriptus</span> <span class='ocrx_word' id='word_1_124' title='bbox 1461 1397 1515 1438; x_wconf 90' lang='lat' dir='ltr'>ad</span> <span class='ocrx_word' id='word_1_125' title='bbox 1548 1396 1726 1451; x_wconf 90' lang='lat' dir='ltr'>aliquod</span> <span class='ocrx_word' id='word_1_126' title='bbox 1757 1396 1994 1439; x_wconf 89' lang='lat' dir='ltr'>seruicium</span> <span class='ocrx_word' id='word_1_127' title='bbox 2028 1412 2080 1439; x_wconf 87' lang='lat' dir='ltr'>ex</span> 
     </span>
     <span class='ocr_line' id='line_1_17' title="bbox 270 1464 2079 1522; baseline 0.001 -15"><span class='ocrx_word' id='word_1_128' title='bbox 270 1464 420 1519; x_wconf 84' lang='lat' dir='ltr'>aliqua</span> <span class='ocrx_word' id='word_1_129' title='bbox 448 1480 586 1508; x_wconf 89' lang='lat' dir='ltr'>causa</span> <span class='ocrx_word' id='word_1_130' title='bbox 620 1466 901 1508; x_wconf 88' lang='lat' dir='ltr'>Racionabili</span> <span class='ocrx_word' id='word_1_131' title='bbox 934 1465 1209 1508; x_wconf 87' lang='lat' dir='ltr'>infirmitatis</span> <span class='ocrx_word' id='word_1_132' title='bbox 1230 1466 1300 1508; x_wconf 88' lang='lat' dir='ltr'>vel</span> <span class='ocrx_word' id='word_1_133' title='bbox 1333 1466 1445 1508; x_wconf 88' lang='lat' dir='ltr'>alias</span> <span class='ocrx_word' id='word_1_134' title='bbox 1477 1466 1646 1508; x_wconf 90' lang='lat' dir='ltr'>dictum</span> <span class='ocrx_word' id='word_1_135' title='bbox 1680 1467 1873 1508; x_wconf 90' lang='lat' dir='ltr'>officium</span> <span class='ocrx_word' id='word_1_136' title='bbox 1907 1473 2079 1522; x_wconf 89' lang='lat' dir='ltr'>poterat</span> 
     </span>
     <span class='ocr_line' id='line_1_18' title="bbox 271 1534 2080 1591; baseline 0.001 -15"><span class='ocrx_word' id='word_1_137' title='bbox 271 1534 455 1577; x_wconf 89' lang='lat' dir='ltr'>minime</span> <span class='ocrx_word' id='word_1_138' title='bbox 486 1550 564 1591; x_wconf 93' lang='lat' dir='ltr'>pro</span> <span class='ocrx_word' id='word_1_139' title='bbox 596 1542 796 1591; x_wconf 90' lang='lat' dir='ltr'>tempore</span> <span class='ocrx_word' id='word_1_140' title='bbox 829 1538 1062 1578; x_wconf 91' lang='lat' dir='ltr'>commode</span> <span class='ocrx_word' id='word_1_141' title='bbox 1095 1536 1338 1591; x_wconf 91' lang='lat' dir='ltr'>adimplere</span> <span class='ocrx_word' id='word_1_142' title='bbox 1371 1537 1487 1590; x_wconf 92' lang='lat' dir='ltr'>quod</span> <span class='ocrx_word' id='word_1_143' title='bbox 1520 1536 1635 1578; x_wconf 91' lang='lat' dir='ltr'>alius</span> <span class='ocrx_word' id='word_1_144' title='bbox 1661 1536 1913 1591; x_wconf 92' lang='lat' dir='ltr'>quicunque</span> <span class='ocrx_word' id='word_1_145' title='bbox 1936 1537 2080 1591; x_wconf 92' lang='lat' dir='ltr'>capel-</span> 
     </span>
     <span class='ocr_line' id='line_1_19' title="bbox 271 1606 2080 1662; baseline 0 -15"><span class='ocrx_word' id='word_1_146' title='bbox 271 1606 402 1648; x_wconf 86' lang='lat' dir='ltr'>lanus</span> <span class='ocrx_word' id='word_1_147' title='bbox 419 1621 602 1662; x_wconf 89' lang='lat' dir='ltr'>presens</span> <span class='ocrx_word' id='word_1_148' title='bbox 624 1621 702 1662; x_wconf 93' lang='lat' dir='ltr'>pro</span> <span class='ocrx_word' id='word_1_149' title='bbox 724 1613 924 1662; x_wconf 91' lang='lat' dir='ltr'>tempore</span> <span class='ocrx_word' id='word_1_150' title='bbox 947 1608 1003 1649; x_wconf 92' lang='lat' dir='ltr'>ad</span> <span class='ocrx_word' id='word_1_151' title='bbox 1022 1608 1284 1649; x_wconf 90' lang='lat' dir='ltr'>mandatum</span> <span class='ocrx_word' id='word_1_152' title='bbox 1302 1606 1454 1661; x_wconf 90' lang='lat' dir='ltr'>vicarij</span> <span class='ocrx_word' id='word_1_153' title='bbox 1474 1607 1542 1648; x_wconf 89' lang='lat' dir='ltr'>vel</span> <span class='ocrx_word' id='word_1_154' title='bbox 1562 1606 1781 1661; x_wconf 89' lang='lat' dir='ltr'>capellanj</span> <span class='ocrx_word' id='word_1_155' title='bbox 1807 1606 2080 1661; x_wconf 89' lang='lat' dir='ltr'>perrochalis</span> 
     </span>
     <span class='ocr_line' id='line_1_20' title="bbox 271 1676 2078 1732; baseline 0 -14"><span class='ocrx_word' id='word_1_156' title='bbox 271 1676 493 1719; x_wconf 83' lang='lat' dir='ltr'>defectum</span> <span class='ocrx_word' id='word_1_157' title='bbox 535 1677 734 1719; x_wconf 92' lang='lat' dir='ltr'>absentis</span> <span class='ocrx_word' id='word_1_158' title='bbox 776 1684 964 1732; x_wconf 90' lang='lat' dir='ltr'>protunc</span> <span class='ocrx_word' id='word_1_159' title='bbox 1006 1678 1182 1732; x_wconf 89' lang='lat' dir='ltr'>supleat</span> <span class='ocrx_word' id='word_1_160' title='bbox 1225 1678 1310 1719; x_wconf 92' lang='lat' dir='ltr'>Pro</span> <span class='ocrx_word' id='word_1_161' title='bbox 1353 1678 1634 1732; x_wconf 88' lang='lat' dir='ltr'>suplemento</span> <span class='ocrx_word' id='word_1_162' title='bbox 1674 1679 1804 1720; x_wconf 86' lang='lat' dir='ltr'>quta</span> <span class='ocrx_word' id='word_1_163' title='bbox 1846 1677 2078 1719; x_wconf 90' lang='lat' dir='ltr'>arbitrium</span> 
     </span>
     <span class='ocr_line' id='line_1_21' title="bbox 271 1746 2080 1802; baseline 0 -14"><span class='ocrx_word' id='word_1_164' title='bbox 271 1747 571 1801; x_wconf 89' lang='lat' dir='ltr'>predictorum</span> <span class='ocrx_word' id='word_1_165' title='bbox 609 1754 651 1790; x_wconf 92' lang='lat' dir='ltr'>et</span> <span class='ocrx_word' id='word_1_166' title='bbox 690 1749 936 1790; x_wconf 92' lang='lat' dir='ltr'>secundum</span> <span class='ocrx_word' id='word_1_167' title='bbox 975 1747 1206 1802; x_wconf 90' lang='lat' dir='ltr'>antiquam</span> <span class='ocrx_word' id='word_1_168' title='bbox 1250 1747 1620 1790; x_wconf 89' lang='lat' dir='ltr'>consuetudinem</span> <span class='ocrx_word' id='word_1_169' title='bbox 1658 1747 1703 1788; x_wconf 91' lang='lat' dir='ltr'>in</span> <span class='ocrx_word' id='word_1_170' title='bbox 1741 1747 1930 1790; x_wconf 90' lang='lat' dir='ltr'>ecclesia</span> <span class='ocrx_word' id='word_1_171' title='bbox 1973 1746 2080 1789; x_wconf 90' lang='lat' dir='ltr'>inibi</span> 
     </span>
     <span class='ocr_line' id='line_1_22' title="bbox 272 1817 2081 1873; baseline 0 -15"><span class='ocrx_word' id='word_1_172' title='bbox 272 1817 508 1860; x_wconf 89' lang='lat' dir='ltr'>obseruata</span> <span class='ocrx_word' id='word_1_173' title='bbox 531 1825 702 1860; x_wconf 89' lang='lat' dir='ltr'>certum</span> <span class='ocrx_word' id='word_1_174' title='bbox 726 1817 830 1872; x_wconf 91' lang='lat' dir='ltr'>quid</span> <span class='ocrx_word' id='word_1_175' title='bbox 856 1817 1040 1873; x_wconf 88' lang='lat' dir='ltr'>recipiat</span> <span class='ocrx_word' id='word_1_176' title='bbox 1065 1819 1124 1860; x_wconf 91' lang='lat' dir='ltr'>Et</span> <span class='ocrx_word' id='word_1_177' title='bbox 1148 1819 1201 1860; x_wconf 94' lang='lat' dir='ltr'>de</span> <span class='ocrx_word' id='word_1_178' title='bbox 1224 1817 1480 1860; x_wconf 89' lang='lat' dir='ltr'>communia</span> <span class='ocrx_word' id='word_1_179' title='bbox 1513 1817 1817 1873; x_wconf 87' lang='lat' dir='ltr'>contingentis</span> <span class='ocrx_word' id='word_1_180' title='bbox 1849 1819 2081 1860; x_wconf 86' lang='lat' dir='ltr'>absentem</span> 
     </span>
     <span class='ocr_line' id='line_1_23' title="bbox 272 1886 2081 1942; baseline 0.001 -15"><span class='ocrx_word' id='word_1_181' title='bbox 272 1892 315 1927; x_wconf 91' lang='lat' dir='ltr'>et</span> <span class='ocrx_word' id='word_1_182' title='bbox 353 1901 408 1928; x_wconf 92' lang='lat' dir='ltr'>ne</span> <span class='ocrx_word' id='word_1_183' title='bbox 443 1886 640 1929; x_wconf 88' lang='lat' dir='ltr'>varietur</span> <span class='ocrx_word' id='word_1_184' title='bbox 676 1887 929 1930; x_wconf 90' lang='lat' dir='ltr'>subincerto</span> <span class='ocrx_word' id='word_1_185' title='bbox 967 1887 1149 1942; x_wconf 92' lang='lat' dir='ltr'>suplens</span> <span class='ocrx_word' id='word_1_186' title='bbox 1186 1887 1409 1930; x_wconf 88' lang='lat' dir='ltr'>defectum</span> <span class='ocrx_word' id='word_1_187' title='bbox 1446 1887 1491 1929; x_wconf 93' lang='lat' dir='ltr'>in</span> <span class='ocrx_word' id='word_1_188' title='bbox 1529 1887 1674 1930; x_wconf 90' lang='lat' dir='ltr'>officia</span> <span class='ocrx_word' id='word_1_189' title='bbox 1712 1887 1976 1930; x_wconf 90' lang='lat' dir='ltr'>diaconatus</span> <span class='ocrx_word' id='word_1_190' title='bbox 2012 1886 2081 1929; x_wconf 91' lang='lat' dir='ltr'>vel</span> 
     </span>
     <span class='ocr_line' id='line_1_24' title="bbox 272 1956 1381 2012; baseline 0.002 -15"><span class='ocrx_word' id='word_1_191' title='bbox 272 1956 468 1998; x_wconf 89' lang='lat' dir='ltr'>cantoris</span> <span class='ocrx_word' id='word_1_192' title='bbox 490 1971 568 2011; x_wconf 92' lang='lat' dir='ltr'>pro</span> <span class='ocrx_word' id='word_1_193' title='bbox 591 1957 787 2012; x_wconf 89' lang='lat' dir='ltr'>qualibet</span> <span class='ocrx_word' id='word_1_194' title='bbox 810 1957 919 2000; x_wconf 89' lang='lat' dir='ltr'>hora</span> <span class='ocrx_word' id='word_1_195' title='bbox 941 1956 1126 2012; x_wconf 89' lang='lat' dir='ltr'>recipiat</span> <span class='ocrx_word' id='word_1_196' title='bbox 1150 1956 1381 2000; x_wconf 89' lang='lat' dir='ltr'>denarium</span> 
     </span>
    </p>
   </div>
   <div class='ocr_carea' id='block_1_3' title="bbox 1067 2145 1288 2187">
    <p class='ocr_par' dir='ltr' id='par_1_6' title="bbox 1067 2145 1288 2187">
     <span class='ocr_line' id='line_1_25' title="bbox 1067 2145 1288 2187; baseline -0.005 0"><span class='ocrx_word' id='word_1_197' title='bbox 1067 2145 1288 2187; x_wconf 90' lang='lat' dir='ltr'>CXXIII.</span> 
     </span>
    </p>
   </div>
   <div class='ocr_carea' id='block_1_4' title="bbox 272 2234 2086 2990">
    <p class='ocr_par' dir='ltr' id='par_1_7' title="bbox 342 2234 2082 2361">
     <span class='ocr_line' id='line_1_26' title="bbox 342 2234 2082 2290; baseline 0.001 -14"><span class='ocrx_word' id='word_1_198' title='bbox 342 2234 381 2276; x_wconf 94' lang='lat' dir='ltr'>N</span> <span class='ocrx_word' id='word_1_199' title='bbox 435 2234 503 2289; x_wconf 89' lang='lat' dir='ltr'>dej</span> <span class='ocrx_word' id='word_1_200' title='bbox 549 2234 743 2277; x_wconf 90' lang='lat' dir='ltr'>Nomine</span> <span class='ocrx_word' id='word_1_201' title='bbox 784 2236 928 2277; x_wconf 91' lang='lat' dir='ltr'>Amen</span> <span class='ocrx_word' id='word_1_202' title='bbox 971 2250 1048 2290; x_wconf 94' lang='lat' dir='ltr'>per</span> <span class='ocrx_word' id='word_1_203' title='bbox 1089 2235 1173 2277; x_wconf 92' lang='lat' dir='ltr'>hoc</span> <span class='ocrx_word' id='word_1_204' title='bbox 1215 2250 1399 2290; x_wconf 89' lang='lat' dir='ltr'>presens</span> <span class='ocrx_word' id='word_1_205' title='bbox 1441 2235 1670 2290; x_wconf 92' lang='lat' dir='ltr'>publicum</span> <span class='ocrx_word' id='word_1_206' title='bbox 1725 2236 2082 2278; x_wconf 89' lang='lat' dir='ltr'>Instrumentum</span> 
     </span>
     <span class='ocr_line' id='line_1_27' title="bbox 399 2305 2082 2361; baseline 0.001 -14"><span class='ocrx_word' id='word_1_207' title='bbox 399 2305 573 2347; x_wconf 90' lang='lat' dir='ltr'>cunctis</span> <span class='ocrx_word' id='word_1_208' title='bbox 604 2312 757 2360; x_wconf 92' lang='lat' dir='ltr'>pateat</span> <span class='ocrx_word' id='word_1_209' title='bbox 789 2306 1020 2348; x_wconf 90' lang='lat' dir='ltr'>euidenter</span> <span class='ocrx_word' id='word_1_210' title='bbox 1041 2308 1156 2360; x_wconf 91' lang='lat' dir='ltr'>quod</span> <span class='ocrx_word' id='word_1_211' title='bbox 1178 2306 1395 2361; x_wconf 86' lang='lat' dir='ltr'>vigesimo</span> <span class='ocrx_word' id='word_1_212' title='bbox 1425 2306 1580 2360; x_wconf 88' lang='lat' dir='ltr'>quinto</span> <span class='ocrx_word' id='word_1_213' title='bbox 1603 2306 1672 2348; x_wconf 89' lang='lat' dir='ltr'>die</span> <span class='ocrx_word' id='word_1_214' title='bbox 1695 2306 1863 2348; x_wconf 90' lang='lat' dir='ltr'>mensis</span> <span class='ocrx_word' id='word_1_215' title='bbox 1892 2313 2082 2361; x_wconf 90' lang='lat' dir='ltr'>septem-</span> 
     </span>
    </p>

    <p class='ocr_par' dir='ltr' id='par_1_8' title="bbox 272 2373 2086 2990">
     <span class='ocr_line' id='line_1_28' title="bbox 272 2373 2083 2431; baseline 0.002 -16"><span class='ocrx_word' id='word_1_216' title='bbox 272 2373 362 2416; x_wconf 89' lang='lat' dir='ltr'>bris</span> <span class='ocrx_word' id='word_1_217' title='bbox 393 2376 522 2417; x_wconf 91' lang='lat' dir='ltr'>Anno</span> <span class='ocrx_word' id='word_1_218' title='bbox 554 2376 722 2417; x_wconf 90' lang='lat' dir='ltr'>domini</span> <span class='ocrx_word' id='word_1_219' title='bbox 760 2376 999 2418; x_wconf 91' lang='lat' dir='ltr'>millesimo</span> <span class='ocrx_word' id='word_1_220' title='bbox 1031 2376 1390 2431; x_wconf 86' lang='lat' dir='ltr'>quingentesimo</span> <span class='ocrx_word' id='word_1_221' title='bbox 1423 2376 1596 2419; x_wconf 91' lang='lat' dir='ltr'>decimo</span> <span class='ocrx_word' id='word_1_222' title='bbox 1630 2383 1791 2418; x_wconf 89' lang='lat' dir='ltr'>octauo</span> <span class='ocrx_word' id='word_1_223' title='bbox 1827 2376 2083 2419; x_wconf 90' lang='lat' dir='ltr'>Indiccione</span> 
     </span>
     <span class='ocr_line' id='line_1_29' title="bbox 275 2444 2080 2502; baseline 0.002 -17"><span class='ocrx_word' id='word_1_224' title='bbox 275 2444 410 2486; x_wconf 86' lang='lat' dir='ltr'>Sexta</span> <span class='ocrx_word' id='word_1_225' title='bbox 433 2445 717 2487; x_wconf 89' lang='lat' dir='ltr'>Sanctissimi</span> <span class='ocrx_word' id='word_1_226' title='bbox 736 2446 780 2488; x_wconf 92' lang='lat' dir='ltr'>in</span> <span class='ocrx_word' id='word_1_227' title='bbox 800 2446 980 2489; x_wconf 91' lang='lat' dir='ltr'>Christo</span> <span class='ocrx_word' id='word_1_228' title='bbox 997 2447 1137 2501; x_wconf 90' lang='lat' dir='ltr'>patris</span> <span class='ocrx_word' id='word_1_229' title='bbox 1160 2462 1212 2490; x_wconf 95' lang='lat' dir='ltr'>ac</span> <span class='ocrx_word' id='word_1_230' title='bbox 1235 2447 1403 2490; x_wconf 89' lang='lat' dir='ltr'>domini</span> <span class='ocrx_word' id='word_1_231' title='bbox 1427 2447 1594 2502; x_wconf 89' lang='lat' dir='ltr'>dominj</span> <span class='ocrx_word' id='word_1_232' title='bbox 1621 2447 1762 2490; x_wconf 89' lang='lat' dir='ltr'>leonis</span> <span class='ocrx_word' id='word_1_233' title='bbox 1785 2462 1898 2502; x_wconf 89' lang='lat' dir='ltr'>pape</span> <span class='ocrx_word' id='word_1_234' title='bbox 1921 2447 2080 2502; x_wconf 92' lang='lat' dir='ltr'>decimj</span> 
     </span>
     <span class='ocr_line' id='line_1_30' title="bbox 272 2514 2085 2572; baseline 0.003 -18"><span class='ocrx_word' id='word_1_235' title='bbox 272 2514 403 2555; x_wconf 93' lang='lat' dir='ltr'>Anno</span> <span class='ocrx_word' id='word_1_236' title='bbox 445 2521 569 2557; x_wconf 86' lang='lat' dir='ltr'>sexto</span> <span class='ocrx_word' id='word_1_237' title='bbox 608 2517 661 2557; x_wconf 93' lang='lat' dir='ltr'>In</span> <span class='ocrx_word' id='word_1_238' title='bbox 699 2516 784 2571; x_wconf 92' lang='lat' dir='ltr'>mej</span> <span class='ocrx_word' id='word_1_239' title='bbox 825 2516 984 2571; x_wconf 89' lang='lat' dir='ltr'>notarij</span> <span class='ocrx_word' id='word_1_240' title='bbox 1022 2517 1187 2572; x_wconf 91' lang='lat' dir='ltr'>publici</span> <span class='ocrx_word' id='word_1_241' title='bbox 1224 2532 1302 2572; x_wconf 88' lang='lat' dir='ltr'>pro</span> <span class='ocrx_word' id='word_1_242' title='bbox 1338 2523 1446 2559; x_wconf 90' lang='lat' dir='ltr'>tunc</span> <span class='ocrx_word' id='word_1_243' title='bbox 1489 2519 1735 2559; x_wconf 90' lang='lat' dir='ltr'>decanatus</span> <span class='ocrx_word' id='word_1_244' title='bbox 1777 2517 2085 2559; x_wconf 89' lang='lat' dir='ltr'>abirdonensis</span> 
     </span>
     <span class='ocr_line' id='line_1_31' title="bbox 273 2583 2081 2641; baseline 0.001 -15"><span class='ocrx_word' id='word_1_245' title='bbox 273 2583 617 2626; x_wconf 89' lang='lat' dir='ltr'>christianitatis</span> <span class='ocrx_word' id='word_1_246' title='bbox 649 2585 804 2641; x_wconf 91' lang='lat' dir='ltr'>decanj</span> <span class='ocrx_word' id='word_1_247' title='bbox 839 2586 1071 2641; x_wconf 90' lang='lat' dir='ltr'>presencia</span> <span class='ocrx_word' id='word_1_248' title='bbox 1104 2593 1286 2629; x_wconf 86' lang='lat' dir='ltr'>curatus</span> <span class='ocrx_word' id='word_1_249' title='bbox 1319 2593 1362 2629; x_wconf 94' lang='lat' dir='ltr'>et</span> <span class='ocrx_word' id='word_1_250' title='bbox 1395 2586 1615 2641; x_wconf 90' lang='lat' dir='ltr'>capellanj</span> <span class='ocrx_word' id='word_1_251' title='bbox 1642 2586 1762 2641; x_wconf 92' lang='lat' dir='ltr'>chorj</span> <span class='ocrx_word' id='word_1_252' title='bbox 1799 2601 1876 2628; x_wconf 89' lang='lat' dir='ltr'>seu</span> <span class='ocrx_word' id='word_1_253' title='bbox 1910 2586 2081 2641; x_wconf 86' lang='lat' dir='ltr'>collegij</span> 
     </span>
     <span class='ocr_line' id='line_1_32' title="bbox 273 2653 2084 2712; baseline 0.002 -18"><span class='ocrx_word' id='word_1_254' title='bbox 273 2653 362 2708; x_wconf 89' lang='lat' dir='ltr'>diuj</span> <span class='ocrx_word' id='word_1_255' title='bbox 404 2653 614 2709; x_wconf 90' lang='lat' dir='ltr'>nicholaij</span> <span class='ocrx_word' id='word_1_256' title='bbox 650 2656 703 2697; x_wconf 90' lang='lat' dir='ltr'>de</span> <span class='ocrx_word' id='word_1_257' title='bbox 735 2656 943 2699; x_wconf 89' lang='lat' dir='ltr'>abirdene</span> <span class='ocrx_word' id='word_1_258' title='bbox 976 2656 1282 2711; x_wconf 90' lang='lat' dir='ltr'>capitulariter</span> <span class='ocrx_word' id='word_1_259' title='bbox 1313 2657 1569 2712; x_wconf 84' lang='lat' dir='ltr'>congregatj</span> <span class='ocrx_word' id='word_1_260' title='bbox 1601 2663 1647 2698; x_wconf 90' lang='lat' dir='ltr'>vt</span> <span class='ocrx_word' id='word_1_261' title='bbox 1680 2656 1914 2699; x_wconf 88' lang='lat' dir='ltr'>annuatim</span> <span class='ocrx_word' id='word_1_262' title='bbox 1949 2656 2084 2698; x_wconf 91' lang='lat' dir='ltr'>moris</span> 
     </span>
     <span class='ocr_line' id='line_1_33' title="bbox 273 2724 2086 2782; baseline 0.002 -18"><span class='ocrx_word' id='word_1_263' title='bbox 273 2730 340 2765; x_wconf 91' lang='lat' dir='ltr'>est</span> <span class='ocrx_word' id='word_1_264' title='bbox 373 2725 428 2765; x_wconf 91' lang='lat' dir='ltr'>ad</span> <span class='ocrx_word' id='word_1_265' title='bbox 461 2724 564 2779; x_wconf 90' lang='lat' dir='ltr'>nouj</span> <span class='ocrx_word' id='word_1_266' title='bbox 591 2725 841 2768; x_wconf 88' lang='lat' dir='ltr'>collectoris</span> <span class='ocrx_word' id='word_1_267' title='bbox 864 2741 941 2769; x_wconf 89' lang='lat' dir='ltr'>seu</span> <span class='ocrx_word' id='word_1_268' title='bbox 964 2726 1264 2782; x_wconf 89' lang='lat' dir='ltr'>procuratoris</span> <span class='ocrx_word' id='word_1_269' title='bbox 1291 2727 1562 2769; x_wconf 90' lang='lat' dir='ltr'>eleccionem</span> <span class='ocrx_word' id='word_1_270' title='bbox 1585 2728 1653 2769; x_wconf 93' lang='lat' dir='ltr'>Ad</span> <span class='ocrx_word' id='word_1_271' title='bbox 1677 2733 1949 2768; x_wconf 88' lang='lat' dir='ltr'>statutorum</span> <span class='ocrx_word' id='word_1_272' title='bbox 1973 2726 2086 2769; x_wconf 90' lang='lat' dir='ltr'>alias</span> 
     </span>
     <span class='ocr_line' id='line_1_34' title="bbox 273 2793 2086 2850; baseline 0.002 -16"><span class='ocrx_word' id='word_1_273' title='bbox 273 2793 554 2835; x_wconf 90' lang='lat' dir='ltr'>conditorum</span> <span class='ocrx_word' id='word_1_274' title='bbox 588 2795 946 2838; x_wconf 87' lang='lat' dir='ltr'>obseruationem</span> <span class='ocrx_word' id='word_1_275' title='bbox 972 2797 1031 2837; x_wconf 92' lang='lat' dir='ltr'>Et</span> <span class='ocrx_word' id='word_1_276' title='bbox 1055 2797 1111 2838; x_wconf 92' lang='lat' dir='ltr'>ad</span> <span class='ocrx_word' id='word_1_277' title='bbox 1134 2810 1252 2838; x_wconf 93' lang='lat' dir='ltr'>noua</span> <span class='ocrx_word' id='word_1_278' title='bbox 1275 2797 1506 2838; x_wconf 92' lang='lat' dir='ltr'>condenda</span> <span class='ocrx_word' id='word_1_279' title='bbox 1529 2810 1607 2850; x_wconf 90' lang='lat' dir='ltr'>per</span> <span class='ocrx_word' id='word_1_280' title='bbox 1628 2810 1712 2850; x_wconf 92' lang='lat' dir='ltr'>que</span> <span class='ocrx_word' id='word_1_281' title='bbox 1736 2795 1915 2838; x_wconf 88' lang='lat' dir='ltr'>diuinus</span> <span class='ocrx_word' id='word_1_282' title='bbox 1938 2795 2086 2837; x_wconf 90' lang='lat' dir='ltr'>cultus</span> 
     </span>
     <span class='ocr_line' id='line_1_35' title="bbox 273 2863 2086 2920; baseline 0.001 -16"><span class='ocrx_word' id='word_1_283' title='bbox 273 2863 427 2917; x_wconf 91' lang='lat' dir='ltr'>honorj</span> <span class='ocrx_word' id='word_1_284' title='bbox 454 2870 496 2904; x_wconf 92' lang='lat' dir='ltr'>et</span> <span class='ocrx_word' id='word_1_285' title='bbox 521 2871 761 2918; x_wconf 86' lang='lat' dir='ltr'>augmento</span> <span class='ocrx_word' id='word_1_286' title='bbox 784 2866 1069 2908; x_wconf 89' lang='lat' dir='ltr'>decoraretur</span> <span class='ocrx_word' id='word_1_287' title='bbox 1091 2867 1261 2908; x_wconf 90' lang='lat' dir='ltr'>Omnes</span> <span class='ocrx_word' id='word_1_288' title='bbox 1283 2872 1326 2908; x_wconf 92' lang='lat' dir='ltr'>et</span> <span class='ocrx_word' id='word_1_289' title='bbox 1350 2865 1513 2920; x_wconf 85' lang='lat' dir='ltr'>singuli</span> <span class='ocrx_word' id='word_1_290' title='bbox 1546 2879 1706 2920; x_wconf 89' lang='lat' dir='ltr'>corpus</span> <span class='ocrx_word' id='word_1_291' title='bbox 1736 2864 1920 2920; x_wconf 90' lang='lat' dir='ltr'>capituli</span> <span class='ocrx_word' id='word_1_292' title='bbox 1942 2879 2086 2919; x_wconf 93' lang='lat' dir='ltr'>repre-</span> 
     </span>
     <span class='ocr_line' id='line_1_36' title="bbox 274 2934 2085 2990; baseline 0.001 -16"><span class='ocrx_word' id='word_1_293' title='bbox 274 2939 504 2975; x_wconf 90' lang='lat' dir='ltr'>sentantes</span> <span class='ocrx_word' id='word_1_294' title='bbox 525 2948 718 2976; x_wconf 87' lang='lat' dir='ltr'>vnacum</span> <span class='ocrx_word' id='word_1_295' title='bbox 742 2949 963 2977; x_wconf 87' lang='lat' dir='ltr'>consensu</span> <span class='ocrx_word' id='word_1_296' title='bbox 996 2942 1038 2977; x_wconf 92' lang='lat' dir='ltr'>et</span> <span class='ocrx_word' id='word_1_297' title='bbox 1062 2934 1248 2978; x_wconf 87' lang='lat' dir='ltr'>assensu</span> <span class='ocrx_word' id='word_1_298' title='bbox 1282 2936 1404 2978; x_wconf 89' lang='lat' dir='ltr'>nullo</span> <span class='ocrx_word' id='word_1_299' title='bbox 1433 2942 1711 2990; x_wconf 84' lang='lat' dir='ltr'>repugnante</span> <span class='ocrx_word' id='word_1_300' title='bbox 1734 2942 1986 2990; x_wconf 89' lang='lat' dir='ltr'>opponente</span> <span class='ocrx_word' id='word_1_301' title='bbox 2009 2941 2085 2977; x_wconf 90' lang='lat' dir='ltr'>aut</span> 
     </span>
    </p>
   </div>
   <div class='ocr_carea' id='block_1_5' title="bbox 2108 1129 2268 1162">
    <p class='ocr_par' dir='ltr' id='par_1_9' title="bbox 2108 1129 2268 1162">
     <span class='ocr_line' id='line_1_37' title="bbox 2108 1129 2268 1162; baseline 0.013 -2"><span class='ocrx_word' id='word_1_302' title='bbox 2108 1130 2165 1162; x_wconf 91' lang='lat' dir='ltr'>fol.</span> <span class='ocrx_word' id='word_1_303' title='bbox 2185 1132 2242 1162; x_wconf 90' lang='lat'>101</span> <span class='ocrx_word' id='word_1_304' title='bbox 2256 1129 2268 1149; x_wconf 80' lang='lat'>ยน</span> 
     </span>
    </p>
   </div>
   <div class='ocr_carea' id='block_1_6' title="bbox 2113 2250 2272 2282">
    <p class='ocr_par' dir='ltr' id='par_1_10' title="bbox 2113 2250 2272 2282">
     <span class='ocr_line' id='line_1_38' title="bbox 2113 2250 2272 2282; baseline 0.013 -2"><span class='ocrx_word' id='word_1_305' title='bbox 2113 2250 2272 2282; x_wconf 72' lang='grc'>101.1012</span> 
     </span>
    </p>
   </div>
  </div>
 </body>
</html>
