2524 3418
160 1507 215 1538 sol.
236 1506 297 1539 19¹

456 343 510 397 38
967 345 1091 389 Carta
1114 345 1382 401 ftmdncionis
1417 345 1565 387 Sancti
1596 345 1762 388 viniani

456 458 549 502 suis
581 459 912 503 successoribus
935 459 1178 516 capellanis
1207 459 1432 515 perpetuis
1454 460 1651 502 eiusdem
1676 475 1701 502 a
1724 475 1793 502 me
1817 467 1858 502 et
1882 459 2118 503 heredibus
2147 459 2257 504 meis

456 528 499 570 in
534 543 689 584 puram
723 537 765 572 et
799 537 1058 585 perpetuam
1093 529 1385 584 elymosinam
1422 531 1757 584 Imperpetuum
1792 544 1892 572 curn
1925 529 2045 571 omni
2081 531 2180 572 Iure
2212 535 2255 573 et

458 599 571 641 Iuris
600 600 770 642 clameo
800 614 850 642 ac
882 615 981 642 cum
1012 599 1218 642 omnibus
1247 606 1289 642 et
1321 599 1507 654 singulis
1537 599 1816 642 libertatibus
1843 599 2189 642 comoditatibus
2212 606 2255 642 et

455 668 732 712 aisiamentis
763 684 814 712 ac
850 669 985 712 Iustis
1018 669 1109 711 suis
1142 669 1427 724 pertinenciis
1460 669 1796 724 quibuscunque
1826 670 1881 711 ad
1911 669 2053 711 dictos
2081 682 2254 711 annuos

456 739 653 781 redditus
671 754 770 782 curn
791 739 1076 794 pertinenciis
1099 739 1406 794 spectantibus
1429 754 1505 782 seu
1527 741 1648 781 Iuste
1667 746 1867 794 spectare
1884 738 2134 781 valentibus
2152 753 2256 793 quo-

457 809 694 852 modolibet
718 809 760 851 in
783 810 979 852 futurum
1012 811 1134 852 Adeo
1158 810 1291 852 libere
1315 810 1510 865 plenarie
1543 810 1713 865 integre
1746 809 1985 852 honorifice
2014 810 2124 852 bene
2147 815 2189 851 et
2212 808 2256 851 in

456 892 562 933 pace
581 878 623 920 in
642 879 847 922 omnibus
870 887 912 922 et
936 894 1012 934 per
1034 879 1183 922 omnia
1207 880 1320 922 sicut
1343 879 1504 935 aliquis
1526 894 1701 922 annuus
1724 879 1920 922 redditus
1943 879 2054 921 infra
2071 892 2255 934 regnum

455 947 597 990 scocie
630 948 673 990 in
707 963 862 1004 puram
895 956 937 992 et
970 957 1229 1004 perpetuam
1262 950 1554 1005 elymosinam
1588 951 1718 993 datur
1743 949 1999 992 conceditur
2020 956 2096 992 aut
2119 948 2258 1004 possi-

455 1018 582 1059 detur
618 1018 712 1060 sine
751 1019 1061 1062 Reuocacione
1092 1020 1409 1063 reclamatione
1446 1027 1522 1063 aut
1560 1019 1910 1063 contradictione
1951 1019 2132 1074 aliquali
2170 1017 2255 1061 mei

455 1087 664 1130 heredum
695 1103 894 1131 meorum
918 1096 994 1132 aut
1017 1089 1348 1144 assignatorum
1372 1105 1449 1133 seu
1472 1091 1658 1133 aliorum
1683 1104 2046 1145 quorumcunque
2079 1088 2257 1131 nomine

440 1151 605 1200 >nostro
628 1165 703 1201 aut
727 1174 779 1201 ex
802 1167 926 1214 parte
948 1167 1100 1203 nostra
1120 1161 1322 1204 facienda
1346 1163 1447 1204 Iure
1470 1177 1575 1204 uero
1593 1168 1856 1216 patronatus
1874 1161 1990 1203 dicte
2013 1159 2258 1216 capellanie

452 1225 623 1270 tociens
659 1228 870 1283 quociens
905 1244 1064 1272 vacare
1107 1230 1342 1285 contigerit
1380 1230 1488 1273 mihi
1531 1237 1572 1273 et
1615 1230 1852 1273 heredibus
1893 1229 2004 1272 meis
2045 1228 2258 1272 masculis

452 1296 612 1340 futuris
632 1299 908 1354 temporibus
939 1307 1199 1343 remanente
1232 1302 1292 1343 Et
1326 1301 1361 1343 si
1394 1301 1529 1356 aliqui
1562 1302 1773 1344 heredum
1808 1315 2007 1343 meorum
2034 1299 2258 1355 predictos

452 1380 625 1409 annuos
650 1368 848 1411 redditus
870 1368 914 1410 in
937 1375 1031 1411 toto
1054 1370 1121 1412 vel
1145 1370 1188 1412 in
1212 1377 1336 1425 parte
1359 1386 1384 1414 a
1406 1371 1525 1414 dicto
1552 1372 1782 1426 capellano
1805 1378 1847 1414 et
1871 1371 1963 1413 suis
1991 1369 2256 1413 successori-

453 1436 534 1478 bus
570 1437 865 1480 abstraxerint
903 1440 1019 1493 quod
1056 1439 1172 1482 absit
1209 1446 1316 1482 tunc
1353 1440 1483 1483 liceat
1521 1441 1700 1484 domino
1737 1441 2030 1484 diodecesano
2067 1439 2140 1495 qui
2177 1454 2256 1495 pro

453 1511 651 1561 ternpore
682 1507 811 1550 fuerit
844 1507 964 1562 ipsos
997 1508 1262 1552 auctoritate
1296 1525 1375 1552 sua
1408 1511 1672 1565 compellere
1704 1517 1746 1552 et
1778 1510 1822 1552 in
1855 1510 2002 1553 anime
2035 1524 2112 1552 sue
2144 1508 2255 1564 peri-

453 1575 602 1618 culum
625 1591 762 1632 vsque
785 1579 839 1620 ad
862 1578 1107 1632 plenariam
1140 1579 1414 1622 solucionem
1437 1580 1553 1623 dicte
1576 1595 1749 1623 summe
1777 1580 2026 1623 faciendam
2049 1578 2255 1634 prosequi

453 1651 495 1686 et
518 1645 781 1701 distringere
809 1648 877 1690 Ad
901 1649 1016 1702 quod
1048 1648 1299 1692 faciendum
1323 1650 1469 1705 obligo
1492 1665 1562 1693 me
1585 1651 1769 1693 heredes
1791 1665 1915 1693 meos
1937 1656 1979 1692 et
2001 1649 2256 1704 assignatos

455 1715 706 1758 successiue
743 1731 819 1771 per
859 1731 1015 1760 omnes
1055 1724 1196 1761 terras
1233 1727 1275 1761 et
1312 1719 1618 1774 possessiones
1659 1727 1835 1763 nostras
1876 1719 1987 1762 infra
2028 1718 2253 1762 dioeecem

453 1785 812 1828 Aberdonensem
845 1786 935 1829 fore
967 1786 1321 1843 distringendum
1351 1804 1428 1844 per
1450 1789 1725 1845 Episcopum
1748 1796 1824 1833 aut
1847 1788 2117 1832 ordinarium
2140 1787 2252 1832 abir-

453 1855 695 1898 donensem
719 1856 792 1911 qui
824 1871 902 1912 pro
924 1864 1123 1913 tempore
1144 1859 1274 1902 fuerit
1296 1850 1434 1915 vsque
1456 1862 1512 1903 ad
1534 1861 1779 1915 plenariam
1807 1860 2080 1903 solucionem
2103 1859 2253 1902 huius-

452 1924 570 1967 modi
611 1939 860 1969 annuorum
902 1928 1154 1971 reddituum
1200 1930 1370 1984 prefato
1419 1931 1650 1986 capellano
1697 1938 1740 1974 et
1789 1931 1880 1974 suis
1922 1929 2253 1974 successoribus

452 1994 714 2050 Infringenti
760 2011 862 2039 vero
905 2012 982 2040 seu
1023 1998 1067 2040 in
1109 1999 1257 2054 aliquo
1301 1999 1537 2056 infringere
1583 2000 1759 2056 putanti
1805 2007 2057 2056 presentem
2104 2014 2250 2043 meam

448 2063 717 2107 ordinarium
751 2080 803 2109 ac
835 2067 1079 2122 elymosine
1116 2069 1449 2113 concessionem
1483 2077 1525 2113 et
1559 2071 1948 2114 confirmacionem
1986 2069 2252 2114 auctoritate

446 2134 612 2176 domini
635 2136 775 2178 nostri
795 2137 930 2179 Ihesu
949 2138 1115 2181 Christi
1135 2140 1300 2183 Sancte
1323 2141 1480 2183 matris
1502 2141 1687 2184 ecclesie
1709 2148 1751 2184 et
1770 2141 1968 2184 omnium
1993 2147 2249 2184 sanctorum

444 2217 495 2245 ac
511 2211 728 2258 quantum
748 2207 1044 2251 committitur
1057 2209 1251 2253 humane
1270 2218 1468 2254 creature
1484 2213 1539 2254 ad
1555 2211 1909 2255 maledicendum
1928 2210 2252 2254 maledicantur

443 2280 485 2315 et
509 2273 631 2317 illam
665 2276 1025 2320 maledictionem
1049 2294 1182 2334 quam
1216 2287 1342 2336 pater
1373 2281 1507 2325 habet
1539 2281 1583 2323 in
1616 2282 1756 2324 filium
1790 2296 1956 2324 merere
1987 2281 2165 2324 valeant
2197 2295 2250 2323 ac

445 2344 700 2388 eternaliter
735 2347 961 2402 possidere
995 2351 1054 2392 Et
1093 2365 1174 2406 ego
1212 2366 1315 2394 vero
1348 2352 1493 2395 dictus
1525 2352 1783 2396 Willelmus
1814 2352 2021 2396 dominus
2053 2352 2106 2394 de
2136 2351 2249 2406 fywe

444 2414 590 2469 obligo
623 2430 693 2459 me
725 2424 768 2459 et
801 2418 985 2461 heredes
1023 2435 1146 2463 meos
1178 2423 1233 2464 ad
1264 2422 1633 2466 varantizandum
1671 2422 1989 2478 acquitandum
2027 2428 2070 2464 et
2103 2421 2248 2464 defen—

444 2485 636 2528 dendum
670 2501 826 2530 omnes
854 2495 897 2531 et
927 2489 1126 2545 singulos
1158 2506 1331 2535 annuos
1363 2493 1561 2536 redditus
1593 2508 1716 2536 meos
1748 2492 1990 2548 prolibatos
2023 2506 2123 2534 cum
2157 2490 2249 2534 suis

443 2554 728 2607 pertinenciis
760 2557 906 2601 dictos
937 2561 1168 2615 capellano
1205 2569 1248 2604 et
1286 2562 1378 2605 suis
1415 2563 1746 2607 successoribus
1779 2563 1823 2605 in
1860 2563 2066 2606 omnibus
2098 2568 2140 2605 et
2172 2576 2250 2618 per

443 2624 592 2668 omnia
624 2633 672 2668 ut
705 2628 973 2681 premissum
1007 2637 1074 2673 est
1108 2638 1262 2675 contra
1294 2648 1450 2676 omnes
1485 2634 1696 2677 mortales
1731 2648 1809 2689 per
1844 2647 1999 2676 omnes
2031 2639 2172 2676 terras
2203 2637 2246 2675 et

446 2695 751 2747 possessiones
793 2698 979 2742 habetas
1023 2707 1065 2742 et
1107 2701 1336 2745 habendas
1382 2703 1589 2746 omnibus
1634 2704 1786 2746 fraude
1827 2709 1870 2746 et
1912 2703 2012 2746 dolo
2055 2701 2249 2745 Semotis

447 2764 498 2805 In
541 2764 666 2807 cuius
705 2766 787 2808 Rei
826 2768 1132 2812 testimonium
1172 2771 1274 2814 huic
1311 2773 1506 2827 presenti
1548 2779 1670 2816 carte
1711 2787 1808 2815 mee
1850 2771 2055 2828 Sigillum
2098 2785 2247 2814 meum

447 2833 706 2887 Appensum
750 2843 817 2879 est
859 2840 975 2892 apud
1008 2840 1216 2883 abirdene
1248 2842 1356 2897 xvij0
1389 2843 1458 2886 die
1491 2843 1657 2886 mensis
1688 2843 1878 2899 Augusti
1915 2844 2045 2885 Anno
2081 2840 2248 2885 domini

450 2901 686 2946 millesimo
718 2906 1156 2961 quadringentesimo
1185 2912 1475 2966 nonagesimo
1503 2913 1665 2955 Coram
1698 2911 1895 2967 prouidis
1916 2910 2250 2954 honorabilibus

451 2977 493 3012 et
535 2971 717 3016 famosis
757 2974 864 3018 viris
908 2977 1103 3022 Domino
1147 2980 1346 3023 Iohanne
1388 2981 1631 3026 ruthirfurd
1673 2983 1726 3025 de
1766 2982 1936 3026 terlane
1983 2980 2112 3024 militi
2153 2995 2248 3036 pre-
