2524 3418
407 320 487 361 166
1038 319 1168 361 Carta
1199 317 1380 359 Patricia·
1402 318 1590 373 gordoun

405 434 503 476 anis
535 441 576 476 et
610 433 702 476 suis
735 432 1065 475 successoribus
1097 433 1264 474 Contra
1296 445 1452 473 omnes
1483 432 1694 474 mortales
1724 431 2102 474 varantizabimus
2139 447 2210 474 ac-

403 504 702 558 quietabimus
734 511 775 545 et
809 503 1135 556 imperpetuum
1169 501 1457 542 defendemus
1491 502 1679 556 Insuper
1711 501 1746 542 si
1780 501 2010 555 contingat
2037 501 2203 543 dictam

404 581 566 614 terram
600 587 676 627 per
708 585 1016 626 quemcunque
1051 570 1240 612 Iuridice
1266 570 1488 624 vendicarj
1523 577 1599 612 aut
1632 570 1882 624 recuperari
1914 585 1940 612 a
1971 569 2102 612 dictis
2134 584 2203 612 ca-

404 642 591 697 pellanis
622 642 689 683 vel
721 641 812 682 suis
844 640 1173 682 successoribus
1207 654 1293 694 quo
1326 640 1473 681 minus
1495 639 1601 681 dicti
1634 639 1852 694 capellanj
1887 646 1963 681 aut
1997 639 2062 693 suj
2099 640 2205 681 Suc-

405 725 602 752 cessores
624 710 839 764 prefatam
863 716 1026 751 terram
1051 710 1164 752 Cum
1188 708 1474 763 pertinenciis
1492 708 1674 763 pacifice
1692 709 1883 763 gaudere
1904 708 2083 750 valeant
2106 709 2205 762 Ego

405 789 480 822 aut
514 781 697 821 heredes
730 779 815 820 mei
1124 779 1342 833 legittime
1375 778 1663 833 premuniunt
1696 793 1774 820 seu
1805 778 2091 833 interpellant
2127 792 2205 832 pro

405 849 597 891 tuicione
627 848 841 890 Eiusdem
878 848 1006 889 Tunc
1044 855 1086 889 et
1119 847 1163 889 in
1196 847 1271 889 illo
1303 862 1409 890 casu
1447 847 1698 902 obligamus
1729 862 1811 889 nos
1842 847 1887 889 in
1922 846 2207 889 strictissima

406 919 545 960 forma
571 917 860 972 obligacionis
885 917 1209 959 Renunciando
1236 917 1357 959 omni
1391 917 1650 971 exceptione
1684 917 1799 959 Iuris
1830 923 1873 958 et
1904 916 2010 959 facti
2033 929 2206 958 necnon

407 987 637 1042 priuilegio
675 987 790 1028 Iuris
825 1001 1088 1041 quocunque
1126 987 1350 1029 mediante
1388 987 1548 1041 quibus
1584 1001 1666 1029 nos
1702 993 1825 1029 tuere
1862 993 1938 1029 aut
1975 986 2208 1028 defendere

407 1057 651 1111 poterimus
692 1058 747 1098 ad
799 1057 943 1098 denuo
985 1056 1275 1098 infeodandos
1316 1055 1572 1098 huiusmodi
1619 1056 1876 1110 capellanos
1921 1069 1999 1109 per
2043 1068 2207 1096 nouam

407 1133 576 1167 cartam
611 1132 654 1166 et
693 1124 901 1167 Sasinam
940 1126 1072 1166 quta
1104 1125 1339 1167 consilium
1372 1126 1692 1180 prudentorum
1734 1125 1826 1178 [sic]
1867 1124 2062 1166 virorum
2099 1138 2210 1178 quos

407 1194 513 1237 dicti
546 1194 764 1249 capellani
787 1194 969 1236 arbitrio
1001 1209 1153 1236 eorum
1183 1194 1343 1248 eligere
1374 1194 1594 1237 voluerint
1616 1195 1661 1236 in
1684 1196 1794 1237 adeo
1817 1196 1932 1237 bona
1952 1200 2070 1236 terra
2099 1206 2210 1248 eque

408 1266 518 1307 bene
540 1264 745 1306 edificata
777 1271 820 1306 et
849 1271 1054 1318 reparata
1075 1271 1169 1306 tam
1191 1264 1287 1306 vtili
1320 1264 1365 1306 in
1388 1264 1609 1307 locatione
1641 1271 1683 1307 et
1707 1265 1941 1307 commodo
1962 1265 2077 1306 vnde
2099 1264 2210 1306 bene

409 1341 451 1376 et
484 1334 667 1388 pacifice
698 1341 791 1376 tam
825 1335 1109 1376 commodum
1147 1340 1190 1376 et
1221 1334 1461 1376 Vtilitatem
1494 1334 1678 1389 pacifice
1715 1334 1948 1377 annuatim
1984 1333 2210 1388 percipere

409 1404 601 1459 poterint
625 1405 685 1446 Et
718 1404 754 1446 si
787 1418 868 1446 nos
889 1405 957 1446 vel
987 1404 1172 1446 heredes
1194 1404 1334 1446 nostri
1357 1406 1412 1446 ad
1434 1404 1651 1459 premissa
1673 1405 1978 1460 perimplenda
2007 1416 2212 1446 recusare

410 1473 640 1528 contingat
663 1474 779 1528 quod
801 1473 916 1515 absit
939 1481 1046 1515 tunc
1069 1481 1111 1515 et
1145 1473 1189 1515 in
1211 1473 1287 1515 illo
1309 1488 1416 1516 casu
1445 1473 1695 1528 obligamus
1716 1489 1798 1516 nos
1829 1474 2014 1515 heredes
2035 1479 2212 1515 nostros

411 1557 699 1597 quoscunque
722 1549 765 1585 et
788 1542 1041 1597 assignatos
1063 1544 1118 1585 ad
1144 1543 1486 1597 persoluendam
1519 1543 1686 1585 eisdem
1714 1543 1958 1598 capellanis
1987 1557 2210 1585 summam

410 1612 753 1667 quingentarum
777 1627 1024 1654 mercarum
1054 1619 1232 1654 monete
1256 1612 1398 1667 Regnj
1425 1613 1564 1655 scotie
1596 1613 1719 1656 iuxta
1744 1619 1946 1655 tenorem
1969 1612 2212 1656 Cuiusdem

411 1682 631 1724 sententie
663 1682 906 1725 deffinitiue
939 1682 1223 1726 Commisarii
1249 1682 1469 1738 generalis
1500 1682 1818 1726 aberdonensis
1849 1684 2039 1737 desuper
2058 1682 2148 1724 late
2169 1680 2214 1722 in

412 1751 826 1806 recompensatione
841 1751 958 1794 dicte
972 1758 1088 1794 terre
1104 1766 1205 1794 cum
1221 1751 1314 1794 suis
1328 1753 1615 1807 pertinenciis
1629 1754 1685 1795 ad
1701 1753 1906 1795 effectum
1921 1751 2214 1808 perimplendi

411 1820 665 1862 huiusmodi
688 1820 1033 1863 infeodationem
1063 1835 1141 1876 pro
1163 1821 1314 1864 anima
1342 1821 1483 1876 ipsius
1512 1822 1707 1865 defuncti
1731 1824 1785 1864 In
1808 1822 1948 1865 Cuius
1981 1822 2064 1864 Rei
2091 1821 2216 1864 testi-

413 1889 612 1932 monium
635 1890 737 1932 huic
759 1890 955 1945 presenti
981 1897 1103 1933 carte
1125 1905 1222 1934 mee
1252 1906 1388 1934 manu
1415 1907 1514 1934 mea
1536 1892 1712 1947 propria
1734 1892 1982 1947 subscripte
2010 1891 2214 1947 Sigillum

413 1972 563 2000 meum
597 1958 822 2013 proprium
856 1966 923 2001 est
957 1974 1205 2014 appensum
1237 1975 1429 2003 vnacum
1473 1961 1629 2016 Sigillo
1671 1961 1822 2016 balliuj
1860 1961 2027 2004 datoris
2068 1961 2216 2004 sasine

414 2027 666 2082 supradicte
699 2035 814 2070 terre
841 2029 972 2083 Apud
1006 2029 1216 2072 abirdene
1251 2031 1383 2073 tertio
1418 2031 1486 2073 die
1514 2031 1681 2074 mensis
1719 2031 1834 2086 Iunij
1869 2033 2000 2074 Anno
2032 2030 2216 2074 Domini

415 2097 651 2140 millesimo
689 2097 1046 2153 quingentesimo
1087 2099 1300 2142 vicesimo
1337 2115 1454 2143 nono
1489 2102 1651 2144 Coram
1694 2101 1764 2143 his
1803 2101 1994 2144 testibus
2029 2100 2217 2156 gilberto

415 2167 610 2209 menzeis
631 2168 856 2222 preposito
878 2169 931 2210 de
945 2168 1127 2211 abirden
1151 2169 1389 2212 alexandro
1411 2171 1611 2225 gordoun
1633 2171 1872 2213 alexandro
1894 2170 1980 2225 kay
2002 2169 2217 2224 magistro

416 2236 580 2278 Iacobo
604 2238 802 2291 gordoun
837 2238 1029 2279 Rectore
1060 2239 1114 2280 de
1146 2238 1328 2294 lunmey
1349 2239 1564 2295 magistro
1595 2240 1783 2294 gilberto
1815 2239 2014 2282 chalmer
2043 2238 2217 2282 notario

415 2306 591 2360 publico
610 2306 805 2349 Domino
828 2307 961 2350 dauid
985 2309 1117 2364 Rany
1133 2309 1365 2364 capellano
1387 2316 1430 2352 et
1452 2310 1693 2352 venerabili
1714 2309 1807 2352 viro
1830 2308 2044 2364 magistro
2067 2307 2218 2351 Dauid

419 2375 750 2431 Dischingtoun
772 2384 1033 2432 precentore
1055 2378 1338 2422 abirdonensi
1361 2381 1476 2423 Cum
1499 2379 1687 2423 diuersis
1708 2379 1809 2422 aliis

594 2516 694 2557 Hee
727 2517 811 2558 Est
842 2531 946 2559 vera
978 2524 1021 2559 et
1053 2517 1304 2561 indubitata
1336 2518 1477 2573 Copia
1508 2518 1766 2574 principalis
1797 2524 1918 2561 carte
1941 2517 2222 2561 fundacionis

592 2585 770 2640 copiata
792 2593 835 2628 et
858 2587 1153 2631 collacionata
1184 2603 1262 2644 per
1292 2604 1363 2632 me
1395 2589 1658 2645 magistrum
1687 2589 1933 2632 Iohannem
1956 2589 2220 2632 nicholsoun

596 2655 820 2697 notarium
861 2657 1088 2711 publicum
1125 2659 1235 2700 nihil
1277 2661 1480 2702 addendo
1521 2666 1598 2702 aut
1639 2659 1926 2702 diminuendo
1964 2660 2080 2714 quod
2114 2658 2221 2702 facti

597 2725 896 2768 substantiam
919 2734 1061 2770 mutet
1091 2730 1167 2771 sed
1190 2731 1466 2772 concordans
1489 2731 1602 2773 Cum
1636 2730 1727 2772 Suo
1749 2729 1981 2785 principalj
2015 2731 2069 2772 de
2089 2730 2223 2772 verbo

594 2793 640 2836 in
661 2796 844 2838 verbum
866 2803 981 2839 teste
1003 2798 1084 2840 hec
1108 2814 1207 2842 mea
1230 2799 1554 2855 subscriptione
1575 2800 1772 2854 manualj

767 2866 838 2908 Ita
861 2867 946 2908 Est
971 2868 1195 2912 Iohannes
1224 2870 1489 2913 nicholsoun
1520 2869 1722 2913 notarius
1743 2869 1948 2925 publicus
1970 2882 2107 2912 manu
2127 2881 2223 2923 pro-

935 2951 1031 2991 pria

485 2549 528 2821 mnqdmfioxgqo
