2524 3418
183 794 239 825 sol.
255 794 315 825 942¹

481 330 561 384 236
738 332 771 375 C
775 338 864 375 arla
898 339 1070 389 quatuor
1103 334 1343 377 Solidorum
1375 335 1421 378 de
1453 342 1560 379 terra
1597 338 1798 381 Willelmi
1824 341 2029 395 gareauclz

480 446 767 490 defendemus
812 450 862 490 In
907 450 1046 492 Cuius
1091 451 1170 504 Rej
1216 450 1543 494 Testimonium
1587 454 1688 496 huic
1731 456 1922 510 presentj
1963 463 2085 499 carte
2126 464 2276 501 nostre

480 516 684 569 Sigillum
728 526 926 560 nostrum
981 533 1216 561 commune
1261 527 1303 562 et
1347 521 1552 575 Sigillum
1605 523 1877 566 honorabilis
1927 525 2006 580 virj
2062 526 2277 569 Iohannis

479 586 684 628 Colisone
707 587 836 629 vnius
859 589 1123 631 balliuorum
1147 590 1252 631 dicti
1282 591 1406 645 burgj
1432 606 1483 633 ac
1506 592 1673 634 datoris
1700 594 1857 636 Sasine
1887 595 2140 638 huiusmodi
2162 603 2276 639 terre

478 665 579 698 sunt
617 672 813 711 appensa
850 660 967 713 apud
1004 660 1224 701 Abirdene
1254 660 1464 703 vicesimo
1498 662 1582 703 Die
1615 663 1781 705 mensis
1815 664 1914 718 Iulij
1946 666 2074 707 Anno
2109 666 2275 708 domini

479 725 714 768 millesimo
739 727 1108 782 Quingentesimo
1132 729 1321 784 septimo
1355 732 1515 773 Coram
1539 732 1872 776 honorabilibus
1899 740 1940 775 et
1966 735 2149 777 famosis
2170 735 2275 778 viris

477 797 652 837 Andrea
694 797 840 838 cullan
884 798 1107 852 preposito
1144 800 1318 841 roberto
1360 800 1437 841 hill
1481 801 1694 855 magistro
1735 802 1895 856 gavino
1932 803 2054 845 leslie
2095 804 2275 847 domino

479 864 677 906 Iohanne
712 866 803 907 reid
839 867 1037 909 Iohanne
1071 868 1233 910 litistar
1264 875 1306 910 et
1340 870 1554 924 magistro
1589 871 1784 913 Roberto
1817 886 1999 914 masone
2031 873 2275 927 capellanis

476 933 662 986 patricio
694 936 947 978 Adamsone
982 938 1181 979 Iohanne
1213 938 1541 992 glassinwricht
1574 941 1868 994 burgensibus
1889 943 2067 984 Andrea
2089 943 2271 998 nauchtj

475 1010 516 1043 et
562 1003 761 1046 Iohanne
799 1006 897 1048 Cuk
933 1007 1189 1061 sergeandis
1225 1009 1288 1049 Ac
1325 1009 1521 1051 Domino
1560 1009 1760 1052 Iohanne
1803 1011 2046 1066 Stirueling
2087 1012 2274 1054 Notario

476 1073 658 1115 Publico
680 1081 749 1117 etc

1290 1190 1456 1232 CXIV.

472 1266 600 1307 Carta
623 1271 796 1320 quatuor
818 1268 1055 1310 Solidorzmz
1072 1270 1118 1311 de
1137 1274 1243 1312 terra
1264 1271 1466 1312 Willelmz·
1483 1272 1689 1326 gareauch
1705 1273 1730 1313 I
1732 1277 1865 1314 acente
1886 1273 1931 1314 in
1953 1273 2039 1314 vico
2051 1273 2272 1328 furcarum

644 1340 700 1376 etc
732 1336 829 1378 data
853 1342 929 1393 per
959 1339 1162 1380 robertum
1194 1340 1372 1381 bliusez'll
1401 1341 1457 1382 ad
1487 1341 1617 1383 altare
1646 1341 1778 1397 sanctj
1803 1342 1991 1384 Niniam·
2020 1343 2135 1398 infra
2154 1343 2270 1386 eccle-

641 1405 745 1447 siam
762 1407 1058 1461 parrochialem
1080 1409 1126 1450 de
1147 1409 1336 1451 Abirden

597 1499 844 1542 MNIBUS
882 1501 997 1542 hanc
1035 1502 1218 1544 Castam
1255 1502 1416 1544 visuris
1452 1503 1520 1544 vel
1559 1503 1775 1545 audituris
1813 1504 2036 1546 Robertus
2077 1503 2268 1546 blinseill

652 1567 883 1620 burgensis
915 1569 1040 1623 burgi
1073 1571 1125 1611 de
1158 1569 1377 1611 Abirdene
1411 1571 1627 1612 Eternam
1658 1570 1702 1612 in
1735 1571 1914 1612 domino
1948 1571 2150 1613 Salutem
2180 1573 2270 1614 No·

468 1635 620 1677 ueritis
643 1650 713 1678 me
736 1637 779 1678 in
803 1637 1015 1680 honorem
1035 1639 1104 1680 dei
1123 1639 1443 1694 omnipotentis
1464 1640 1654 1695 gloriose
1670 1640 1853 1695 virginis
1876 1640 2013 1682 marie
2037 1642 2268 1683 beatorum

466 1705 702 1760 Laurencij
729 1713 771 1747 et
796 1707 976 1762 Ninianj
1003 1715 1045 1750 et
1068 1709 1267 1751 omnium
1292 1716 1547 1752 sanctorum
1578 1725 1656 1764 pro
1689 1710 1833 1752 salute
1864 1710 2012 1752 anime
2044 1712 2268 1764 quondam

465 1772 631 1827 henricj
658 1774 792 1816 leithe
815 1775 1067 1818 animarum
1090 1784 1325 1831 parentum
1359 1792 1539 1819 suorum
1572 1784 1615 1820 et
1639 1792 1790 1820 eorum
1824 1777 1868 1819 in
1901 1793 1982 1820 sua
2002 1778 2268 1821 fundacione

464 1848 774 1884 contentorum
798 1843 971 1885 dedisse
995 1845 1271 1887 concessisse
1304 1852 1346 1887 et
1379 1846 1462 1888 hac
1493 1845 1686 1900 presenti
1710 1852 1834 1888 carta
1857 1860 1957 1888 mea
1979 1847 2268 1889 confirmasse

464 1909 644 1952 domino
669 1911 858 1966 Iohannj
885 1913 1019 1955 leithe
1043 1914 1288 1968 Capellano
1311 1922 1523 1970 perpetuo
1555 1915 1672 1957 dicte
1704 1915 1951 1970 capellanie
1983 1915 2097 1958 infra
2129 1916 2266 1958 eccle-

465 1979 575 2022 siam
619 1981 940 2034 perrochialem
992 1983 1109 2038 beatj
1154 1984 1363 2039 nicholaij
1409 1986 1461 2027 de
1503 1984 1712 2027 abirdene
1753 1985 1809 2026 ad
1851 1985 1992 2027 altare
2033 1985 2265 2027 beatorum

466 2050 695 2104 Laurentij
731 2058 772 2092 et
805 2051 973 2106 ninianj
1008 2053 1241 2095 fundatum
1274 2068 1411 2095 vnum
1444 2068 1642 2096 annuum
1675 2053 1896 2096 redditum
1924 2059 2113 2108 quatuor
2134 2053 2265 2096 solid—

464 2134 588 2161 orum
612 2121 779 2163 vsualis
802 2130 978 2164 monete
1002 2123 1146 2165 scocie
1177 2124 1409 2166 annuatim
1433 2125 1672 2166 leuandum
1697 2125 1749 2165 de
1771 2130 1866 2166 tota
1888 2130 1931 2165 et
1954 2123 2126 2177 integra
2147 2129 2265 2165 terra

463 2189 681 2231 willelmi
713 2193 935 2245 gareauch
968 2195 1148 2235 Iacente
1171 2194 1215 2235 in
1237 2194 1334 2236 vico
1356 2195 1580 2236 furcarum
1605 2209 1657 2236 ex
1683 2193 1887 2236 orientali
1913 2199 2038 2247 parte
2064 2192 2262 2235 eiusdem

462 2257 545 2312 vicj
573 2258 687 2301 inter
709 2267 874 2302 terram
900 2262 1115 2304 Iohannis
1149 2256 1457 2305 Duncansoun
1489 2278 1542 2304 ex
1574 2262 1758 2304 australi
1781 2269 1823 2304 et
1846 2269 2010 2315 terram
2037 2262 2261 2316 quondam

464 2328 680 2370 Iohannis
721 2331 988 2373 mathesoun
1031 2347 1083 2374 ex
1123 2333 1288 2375 boreali
1327 2335 1411 2376 Pro
1452 2333 1651 2388 plenaria
1692 2332 1918 2374 solucione
1954 2331 2084 2373 Vnius
2125 2331 2259 2385 annuj

462 2397 660 2440 redditus
685 2407 874 2452 quatuor
902 2401 1141 2444 solidorum
1176 2403 1292 2445 dicte
1324 2403 1570 2458 capellanie
1602 2402 1737 2445 debiti
1764 2409 1812 2444 ut
1834 2401 2049 2444 asseritur
2070 2402 2123 2443 de
2144 2407 2262 2444 terra

463 2480 561 2508 mea
593 2467 637 2508 in
669 2468 766 2510 vico
799 2469 1022 2513 furcarum
1055 2486 1108 2513 ex
1144 2472 1409 2515 occidentali
1443 2478 1568 2527 parte
1601 2472 1797 2515 eiusdem
1827 2471 1912 2514 vici
1949 2471 2064 2513 inter
2095 2478 2260 2513 terram

461 2536 687 2580 alexandri
710 2538 812 2594 logy
829 2555 881 2582 ex
903 2542 1067 2584 boreali
1090 2549 1132 2585 et
1156 2558 1416 2585 communes
1432 2543 1528 2586 vias
1549 2543 1694 2598 regias
1710 2557 1866 2584 versus
1889 2548 2090 2584 austrum
2113 2541 2261 2584 oriens

461 2612 503 2647 et
538 2607 744 2650 occidens
777 2609 1146 2656 TENENDUM
1181 2620 1223 2655 et
1256 2614 1509 2657 habendum
1544 2620 1688 2656 totum
1726 2620 1769 2655 et
1806 2612 2027 2668 integrum
2060 2626 2258 2654 annuum

460 2677 681 2719 redditum
716 2681 991 2723 antedictum
1029 2697 1130 2725 curn
1169 2683 1261 2726 suis
1295 2683 1580 2738 pertinenciis
1614 2684 1783 2738 prefato
1817 2683 2050 2737 capellano
2086 2688 2129 2724 et
2166 2681 2259 2724 suis

462 2744 803 2789 Successoribus
844 2751 1086 2804 capellanis
1123 2751 1240 2794 dicte
1273 2752 1517 2807 capellanie
1554 2767 1579 2794 a
1616 2767 1686 2794 me
1718 2758 1760 2794 et
1798 2751 2034 2794 heredibus
2065 2749 2176 2792 meis
2212 2750 2257 2792 in

460 2826 615 2865 puram
658 2823 700 2857 et
741 2826 1001 2872 perpetuam
1044 2820 1324 2864 elimosinam
1363 2824 1697 2876 Imperpetuum
1741 2822 1875 2864 CUM
1915 2819 2035 2862 omni
2077 2820 2178 2861 Iure
2214 2825 2257 2861 et

462 2882 578 2924 Iuris
599 2884 770 2928 clameo
802 2902 853 2929 ac
877 2903 977 2930 cum
1011 2890 1217 2933 omnibus
1249 2891 1348 2933 aliis
1370 2899 1412 2933 et
1445 2890 1633 2946 singulis
1659 2890 1938 2933 libertatibus
1967 2888 2256 2932 commodita-

459 2950 578 2993 tibus
614 2959 656 2995 et
693 2954 956 3000 asiamentis
988 2973 1040 3000 ac
1071 2958 1201 3001 iustis
1237 2959 1328 3001 suis
1360 2959 1647 3014 pertinenciis
1679 2959 2015 3014 quibuscunque
2045 2959 2122 3001 AC
2160 2958 2255 3000 CA—
