2524 3418
595 243 848 285 Ornamenta
882 243 1001 285 varia
1033 243 1213 286 Ecclesie
1245 244 1391 286 Sancti
1421 244 1621 288 Nicholai
1963 261 2012 304 17

200 356 552 401 sacerdotalibus
574 364 617 400 et
641 357 742 413 alijs
771 357 1037 413 necessarijs
1065 357 1435 402 conuenientibus
1463 361 1517 402 ad
1545 360 1696 404 diuina
1727 363 1786 405 Et
1811 365 2012 418 sepultus

200 434 267 470 est
290 434 394 471 ante
420 427 537 471 idem
567 428 707 471 altare
735 428 873 472 Cuius
900 428 1098 472 animam
1128 431 1341 484 perducat
1371 432 1480 473 deus
1503 433 1558 474 ad
1582 432 1792 476 celestem
1821 435 2011 489 patriam

316 581 390 634 [A]
404 595 493 623 nno
519 580 687 623 domini
716 580 958 623 Millesimo
989 580 1295 623 tricentesimo
1328 580 1699 636 quinquagesimo
1732 583 1924 638 septimo
1949 585 2015 627 vir
2048 594 2295 626 willeamsone

200 652 417 694 honestus
458 658 499 694 et
541 652 822 694 venerandus
858 651 1110 693 Alexander
1146 650 1370 694 willermi
1413 651 1646 706 burgensis
1688 654 1741 695 de
1783 655 2012 697 Aberdene

198 721 402 764 fundauit
428 721 581 763 Altare
611 721 655 762 in
684 721 771 763 fine
803 720 1069 763 occidentali
1102 721 1288 763 ecclesie
1321 721 1517 775 predicte
1543 736 1596 764 ex
1625 729 1750 776 parte
1782 723 1937 767 boriali
1971 733 2012 767 et

199 790 375 834 ornauit
407 791 516 833 illud
538 792 591 833 de
613 790 822 846 ymagine
845 805 928 844 que
961 790 1123 833 dicitur
1145 791 1184 833 le
1210 793 1522 846 Brouncroyce
1554 793 1744 847 desuper
1775 794 1942 836 situata
1971 802 2012 836 et

199 862 252 903 de
285 860 423 904 calice
452 861 665 903 deaurato
698 860 808 903 libro
841 859 1013 902 missali
1045 867 1088 902 et
1122 861 1222 915 alijs
1250 862 1515 905 vtensilibus
1547 863 1823 905 ornamentis
1849 878 1932 918 que
1959 865 2014 906 ad

199 929 351 973 diuina
377 929 615 973 conuenire
647 931 838 973 debeant
872 929 1031 972 Eciam
1065 930 1108 972 in
1143 931 1277 973 choro
1309 933 1362 974 de
1395 931 1617 986 lapidibus
1648 933 1887 988 quadragis
1912 934 2014 977 fecit

198 999 506 1055 pavimentum
529 1006 573 1043 et
595 1000 817 1055 picturam
844 999 1027 1043 inferius
1049 1007 1092 1043 et
1115 1001 1309 1044 exterius
1331 1009 1374 1044 et
1398 1003 1601 1057 sepultus
1630 1010 1696 1046 est
1727 1011 1830 1047 ante
1860 1005 2014 1048 Altare

200 1070 326 1114 cuius
349 1070 497 1114 anime
520 1069 775 1114 miseriatur
797 1071 906 1114 deus

314 1223 389 1277 [A]
403 1236 492 1266 nno
521 1222 690 1266 domini
719 1221 961 1266 Millesimo
987 1221 1294 1265 tricentesimo
1327 1222 1697 1279 quinquagesimo
1727 1231 1888 1269 octauo
1917 1240 2013 1282 pro-
2048 1241 2255 1272 Curtastoun

198 1292 290 1336 uidi
312 1292 393 1335 viri
416 1300 459 1336 et
482 1292 661 1336 discreti
692 1292 900 1336 dominus
929 1293 1132 1335 Andreas
1161 1293 1214 1336 de
1244 1293 1547 1336 Curtastoune
1574 1294 1834 1348 capellanus
1861 1302 2014 1338 sancte

198 1365 327 1406 Anne
359 1370 402 1406 et
437 1363 662 1407 Iohannes
695 1363 831 1406 fichat
865 1362 1098 1418 burgensis
1131 1364 1186 1406 ad
1217 1362 1432 1407 fabricam
1471 1363 1658 1406 ecclesie
1690 1370 1732 1406 et
1766 1379 1843 1419 pro
1876 1364 2016 1421 ipsius

198 1434 479 1490 reparatione
516 1433 719 1488 magistri
751 1433 1004 1489 specialiter
1033 1433 1161 1475 electi
1190 1433 1367 1476 fuerunt
1398 1433 1668 1490 Quiquidem
1698 1445 2017 1490 reparauerunt

198 1503 435 1547 ecclesiam
473 1503 777 1559 parochialem
815 1504 869 1547 de
906 1502 1166 1558 pauimento
1209 1502 1407 1558 lapidum
1443 1505 1761 1558 quadratorum
1799 1510 2014 1560 tanquam

199 1574 497 1618 solicitatores
538 1582 581 1617 et
624 1581 798 1618 actores
839 1573 985 1629 operis
1031 1573 1218 1616 ecclesie
1261 1573 1516 1629 sumptibus
1559 1581 1601 1617 et
1643 1574 1850 1630 expensis
1897 1590 2014 1618 com-

194 1644 430 1689 munitatis
467 1659 518 1689 ac
556 1644 692 1688 etiam
731 1646 784 1689 de
824 1644 952 1689 bonis
993 1644 1182 1700 propriis
1225 1659 1412 1699 quorum
1456 1643 1708 1688 animarum
1752 1644 2015 1689 misereatur

196 1716 306 1759 deus

309 1868 488 1921 [A]nno
525 1867 693 1911 domini
737 1867 978 1910 Millesimo
1020 1866 1325 1910 tricentesimo
1368 1866 1739 1923 quinquagesimo
1783 1869 1913 1910 Nono
1950 1868 2015 1911 vir
2048 1880 2176 1912 Merins

192 1938 335 1981 bonus
357 1943 400 1980 et
424 1938 658 1992 burgensis
680 1937 946 1982 'Willermus
973 1939 1025 1981 de
1052 1952 1257 1980 merenez
1285 1937 1513 1980 decorauit
1543 1937 1780 1981 ecclesiam
1813 1939 2014 1994 parochi-

191 2008 308 2051 alem
338 2009 392 2051 de
422 2022 586 2063 magna
618 2008 826 2064 ymagine
860 2016 1014 2051 sancte
1047 2007 1185 2051 marie
1220 2009 1410 2063 desuper
1440 2009 1594 2051 Altare
1634 2008 1778 2051 sancti
1816 2009 2013 2052 leonardi

191 2079 359 2122 situata
393 2084 436 2122 et
474 2080 527 2123 de
563 2094 651 2123 vna
684 2079 869 2123 fenistra
900 2079 1032 2123 vitria
1063 2094 1116 2122 ex
1147 2086 1273 2135 parte
1305 2079 1504 2123 Australi
1542 2079 1664 2122 chori
1702 2079 1829 2123 cuius
1867 2080 2013 2124 anime

189 2148 456 2193 misereatur
476 2150 586 2193 deus

305 2303 380 2356 [A]
394 2316 483 2345 nno
506 2302 674 2346 domini
700 2302 942 2346 Millesimo
964 2302 1271 2346 tricentesimo
1294 2302 1664 2358 quinquagesimo
1687 2315 1805 2345 nono
1822 2301 2010 2346 honora·
2044 2311 2147 2353 Craig

189 2372 300 2416 biles
342 2374 586 2428 burgenses
629 2373 876 2417 laurentius
911 2375 964 2417 de
1003 2375 1122 2429 Crag
1154 2380 1197 2416 et
1235 2374 1461 2417 Iohannes
1498 2373 1679 2416 scherar
1710 2373 2009 2416 fundauerunt
2044 2355 2186 2388 sehem‘

189 2442 343 2485 Altare
381 2443 512 2486 Beati
546 2443 746 2486 Duthaci
779 2450 822 2486 et
855 2451 1127 2487 ornauerunt
1165 2444 1273 2487 illud
1306 2445 1360 2487 de
1392 2444 1547 2486 eadem
1579 2441 1789 2498 ymagine
1821 2443 2011 2497 desuper

190 2513 358 2557 situata
395 2515 448 2557 de
486 2513 624 2557 calice
666 2516 880 2558 deaurato
917 2522 960 2558 et
997 2514 1279 2557 vestimentis
1321 2513 1492 2557 sanctis
1529 2520 1571 2556 et
1609 2512 1711 2568 alijs
1744 2511 2010 2555 vtensilibus

190 2583 562 2627 conuenientibus
599 2586 654 2627 ad
692 2585 832 2628 altare
869 2587 933 2628 Ac
966 2585 1102 2628 etiam
1141 2584 1350 2628 dominus
1386 2585 1589 2626 Andreas
1626 2584 1679 2625 de
1715 2581 2009 2636 Abircrumby

189 2653 450 2708 capellanus
491 2653 691 2698 eiusdem
733 2655 958 2710 reparauit
1000 2655 1117 2698 idem
1155 2656 1308 2698 Altare
1345 2655 1398 2698 de
1433 2652 1704 2696 vestimento
1742 2650 2008 2695 sacerdotali

189 2737 376 2778 quorum
410 2722 661 2768 animarum
695 2724 960 2769 misereatur
991 2726 1101 2769 deus

303 2881 378 2935 [A]
391 2895 481 2925 nno
513 2882 681 2925 domini
711 2882 950 2927 millesimo
981 2882 1287 2935 tricentesimo
1315 2881 1593 2938 sexagesimo
1618 2880 1685 2923 vir
1712 2880 1928 2923 honestus
1961 2885 2003 2921 et
2037 2882 2195 2915 Chalmer

1052 2954 1078 2985 c
