2524 3418
845 322 975 364 Carta
997 320 1260 376 fundationis
1292 320 1495 376 lampadis
1997 334 2078 375 229

273 437 355 479 tim
393 453 470 493 per
506 438 762 492 capellanos
803 437 924 491 chorj
964 436 1150 478 ecclesie
1189 435 1307 477 beati
1344 434 1520 489 nicolaij
1561 435 1613 476 de
1651 434 1858 476 abirdene
1890 434 1934 476 in
1966 435 2079 477 festo

272 508 471 550 omnium
511 515 767 550 sanctorum
805 509 860 550 ad
897 508 1036 549 altare
1074 506 1192 549 beati
1227 506 1468 560 sebastianj
1509 505 1704 547 martiris
1743 520 1844 547 cum
1882 507 2078 560 exequiis

271 578 580 619 defunctorum
622 578 806 632 placebo
838 584 880 619 et
913 577 1051 632 dirige
1083 577 1127 618 in
1158 576 1310 631 vigilia
1342 576 1540 618 eiusdem
1574 590 1674 617 cum
1708 576 1846 618 missa
1882 577 1934 617 de
1972 583 2078 619 nota

274 654 455 690 cantata
477 648 522 689 in
552 648 621 689 die
653 655 696 690 et
728 647 947 702 trigintali
979 662 1056 702 per
1087 647 1359 689 ebdomitam
1382 654 1427 688 vt
1451 647 1587 688 moris
1611 653 1678 688 est
1701 653 1744 688 et
1767 646 1978 688 collector
2000 662 2077 701 pro

271 723 471 771 tempore
506 718 688 760 situabit
721 718 922 760 tabulam
959 731 1091 771 super
1124 724 1465 758 monumentum
1504 718 1712 758 decenter
1743 724 1999 770 coopertam
2030 724 2077 758 vt

272 787 408 828 moris
440 794 507 829 est
530 788 767 830 luminaria
790 802 867 829 seu
892 802 1042 829 cereos
1068 786 1264 828 inueniet
1297 786 1502 840 expensis
1534 786 1867 840 capellanorum
1890 800 1968 839 pro
1992 801 2077 840 quo

272 856 450 909 quidem
489 857 795 899 anniuersario
834 857 1124 898 Infeodantur
1156 857 1209 898 de
1240 855 1396 910 vigintj
1437 855 1590 897 solidis
1623 857 1675 897 de
1708 857 1901 910 quodam
1939 856 2077 898 crofto

270 938 389 966 nunc
412 925 661 980 pertinente
684 926 845 968 andree
868 939 1048 979 murray
1071 923 1231 978 seniorj

387 1111 548 1154 Obitus
575 1112 798 1166 quondam
832 1112 944 1153 bone
977 1109 1189 1152 memorie
1211 1110 1386 1151 Andree
1408 1109 1576 1151 branch
1599 1116 1642 1151 et
1666 1124 1743 1151 sue
1767 1124 1929 1164 sponse
1953 1109 2076 1153 Cele-

268 1181 467 1224 brabitur
498 1181 732 1224 annuatim
764 1196 842 1236 per
872 1181 1129 1236 capellanos
1162 1179 1335 1234 collegij
1374 1179 1493 1222 beati
1525 1179 1747 1234 nycholaij
1783 1180 1836 1221 de
1869 1179 2076 1221 abirdene

268 1249 313 1291 in
336 1251 559 1293 dominica
581 1251 840 1293 immediate
863 1257 966 1292 ante
990 1249 1301 1292 ascencionem
1334 1249 1503 1291 domini
1535 1250 1590 1291 ad
1624 1249 1764 1290 altare
1786 1249 1904 1291 beati
1928 1250 2075 1291 sebas-

268 1320 378 1375 tianj
404 1321 599 1364 martiris
621 1336 723 1363 cum
751 1321 889 1364 missa
911 1322 964 1363 de
987 1327 1094 1363 nota
1116 1327 1159 1362 et
1181 1320 1407 1375 trigentalj
1443 1334 1521 1374 per
1553 1320 1848 1361 ebdomadam
1870 1326 1916 1360 vt
1940 1319 2076 1361 moris

268 1398 336 1434 est
368 1407 446 1447 pro
479 1407 565 1447 quo
597 1392 881 1435 infeodantur
913 1392 1020 1434 dicti
1053 1391 1270 1446 capellanj
1297 1391 1341 1432 in
1364 1392 1518 1433 decem
1552 1390 1706 1432 solidis
1738 1391 1791 1432 de
1822 1397 1941 1432 terra
1970 1390 2075 1432 olim

265 1460 424 1503 valteri
447 1476 599 1504 marns
622 1476 698 1504 sex
721 1476 741 1503 s
762 1461 836 1516 viij
862 1462 890 1504 d
913 1468 955 1503 et
979 1462 1032 1503 de
1054 1467 1173 1503 terra
1197 1460 1371 1502 Mathie
1393 1460 1562 1503 branch
1585 1460 1627 1501 xl
1651 1461 1677 1502 d

1117 1683 1239 1725 CIX.

410 1810 800 1853 ONORABILIS
817 1809 883 1851 vir
905 1809 1144 1851 alexander
1161 1823 1340 1851 menzes
1358 1814 1464 1851 tunc
1484 1808 1737 1863 prepositus
1754 1807 1880 1863 burgi
1896 1809 1949 1850 de
1965 1807 2077 1850 abir-

467 1881 551 1922 den
573 1880 790 1935 vigesimo
822 1886 981 1934 quarto
1014 1879 1083 1921 die
1117 1879 1285 1921 mensis
1318 1878 1585 1933 septembris
1607 1877 1723 1932 Annj
1759 1877 1980 1920 dominice
2014 1877 2077 1918 in-

2109 1818 2167 1850 fol.
2186 1819 2225 1849 92
2237 1816 2249 1836 ²

2110 1913 2214 1944 Carta

269 1950 544 1993 carnationis
577 1950 802 2005 millesimj
838 1949 1264 2005 quadringentesimj
1296 1948 1574 2004 nonagesimj
1610 1948 1757 2003 octauj
1793 1954 1893 2003 post
1926 1954 2075 1990 actum
2108 1954 2318 1987 fundationis

2109 2000 2209 2030 huius

268 2020 563 2062 dedicationis
582 2020 767 2062 ecclesie
785 2019 1040 2074 parochalis
1057 2019 1176 2061 beati
1194 2019 1402 2072 nicholaij
1424 2018 1623 2060 eiusdem
1641 2018 1767 2072 burgj
1790 2017 2079 2072 solempniter
2109 2042 2278 2083 lampadis

268 2089 541 2132 celebratum
579 2104 656 2144 per
690 2091 985 2131 reuerendum
1015 2089 1060 2130 in
1090 2088 1256 2131 christo
1293 2095 1466 2142 patrem
1496 2102 1548 2130 ac
1577 2087 1808 2129 dominum
1846 2087 2076 2129 dominum

265 2160 496 2203 vilelmum
516 2160 808 2202 miseracione
827 2159 979 2202 diuina
995 2159 1255 2214 episcopum
1274 2158 1615 2200 abirdonensem
1634 2159 1821 2200 eandem
1840 2157 2075 2199 ecclesiam

267 2232 440 2274 dotauit
468 2232 662 2274 fundans
689 2246 824 2274 vnam
860 2231 1113 2285 lampadem
1149 2231 1201 2271 In
1233 2230 1400 2271 honore
1431 2229 1500 2284 dej
1534 2227 1855 2283 omnipotentis
1885 2227 2076 2282 gloriose

265 2302 450 2357 virginis
479 2302 617 2345 marie
649 2302 739 2357 diuj
774 2301 984 2356 nicholaij
1010 2301 1184 2356 patronj
1210 2307 1252 2342 et
1277 2300 1423 2342 tocius
1446 2299 1564 2342 curie
1597 2299 1776 2341 celestis
1807 2299 2074 2353 pendentem

267 2378 370 2414 ante
394 2387 620 2415 summum
644 2372 784 2415 altare
807 2386 956 2414 coram
978 2370 1220 2413 venerabili
1243 2376 1527 2412 sacramento
1553 2368 1828 2423 temporibus
1850 2367 2076 2422 perpetuis

267 2443 527 2485 duraturam
550 2448 686 2485 noctu
709 2442 779 2484 die
802 2456 886 2497 que
909 2442 1139 2483 ardentem
1156 2455 1233 2496 pro
1251 2439 1403 2482 anima
1425 2454 1505 2482 sua
1523 2445 1565 2481 et
1581 2438 1817 2481 animabus
1839 2443 2074 2492 parentum

267 2526 448 2554 suorum
485 2519 820 2555 antecessorum
853 2517 895 2554 et
928 2525 1238 2554 successorum
1270 2516 1399 2565 prout
1432 2509 1476 2551 in
1507 2508 1768 2551 fundatione
1800 2506 1941 2549 lacius
1973 2520 2075 2548 con-

266 2581 434 2624 tinetur
476 2583 560 2625 Pro
603 2598 689 2637 qua
723 2582 901 2638 quidem
944 2582 1151 2637 lampade
1194 2580 1455 2623 sustinenda
1497 2579 1696 2634 prefatus
1730 2577 1969 2620 alexander
2011 2575 2075 2617 in-

266 2651 462 2695 feodauit
486 2654 768 2708 capellanum
792 2653 947 2696 altaris
970 2652 1087 2696 beati
1115 2651 1357 2706 sebastianj
1384 2649 1580 2693 martiris
1603 2655 1645 2691 et
1669 2663 1772 2690 suos
1795 2660 2075 2689 successores

266 2721 310 2763 in
342 2737 428 2765 vno
461 2738 610 2766 annuo
641 2724 816 2766 redditu
848 2724 983 2766 trium
1016 2723 1228 2765 librarum
1261 2723 1315 2764 de
1346 2721 1476 2763 terris
1509 2722 1562 2762 de
1598 2719 1808 2773 balmady
1839 2716 2073 2760 annuatim

265 2792 517 2848 recipiendo
540 2801 582 2836 et
605 2795 795 2837 leuando
818 2801 863 2836 vt
886 2794 931 2836 in
955 2793 1089 2836 cartis
1111 2794 1301 2847 desuper
1323 2791 1536 2834 confectis
1569 2804 1646 2845 per
1673 2788 1944 2844 superiorem
1972 2801 2073 2828 con-

265 2863 454 2907 firmatis
471 2872 514 2907 et
533 2880 790 2920 supremum
813 2864 1043 2908 dominum
1066 2871 1270 2906 nostrum
1293 2877 1443 2918 regem
1466 2860 1746 2904 mortificatis
1769 2858 1909 2901 lacius
1936 2857 2074 2899 conti-

264 2939 394 2976 netur
416 2934 543 2977 cuius
565 2935 715 2978 anima
736 2934 985 2990 requiescat
1008 2934 1053 2976 in
1071 2936 1185 2989 'pace
1208 2948 1338 2975 amen

2111 2086 2274 2118 Scribitur
2296 2090 2374 2116 ante

2109 2130 2143 2161 in
2160 2129 2335 2171 trigesimo

2109 2174 2190 2206 folio
2214 2172 2288 2204 libri
