2524 3418
207 705 263 738 fol.
284 703 365 737 111¹

503 307 584 361 276
947 303 1107 347 Tabula
1138 304 1299 358 Regum
1330 301 1648 358 Principumque
1676 300 1862 358 gentium

500 419 807 464 testimonium
831 417 1146 475 premissorum
1169 416 1273 460 huic
1295 415 1491 472 presenti
1508 421 1630 459 carte
1652 420 1803 459 nostre
1819 421 2076 472 preceptum
2094 421 2295 460 nostrum

501 490 648 534 sasine
685 490 729 532 in
772 504 818 533 se
855 487 1100 532 continenti
1138 486 1538 542 subscriptionibus
1574 485 1741 530 nostris
1777 485 2061 530 manualibus
2095 487 2297 531 roborate

503 560 708 616 Sigillum
748 573 984 603 commune
1022 558 1205 614 capituli
1248 556 1386 600 nostri
1427 563 1495 600 est
1532 571 1778 613 appensum
1811 555 2019 600 abirdene
2055 555 2197 612 primo
2228 556 2298 600 die

503 629 669 672 mensis
706 628 857 684 marcij
893 629 1023 671 Anno
1057 627 1224 672 domini
1261 625 1500 670 millesimo
1535 625 1893 682 quingentesimo
1929 624 2298 682 quinquagesimo

503 700 677 742 Octauo
723 701 885 743 Coram
931 698 1121 742 testibus
1162 698 1400 741 alexandro
1442 696 1588 740 cullen
1634 697 1872 740 alexandro
1917 696 2073 752 quhyit
2114 695 2297 741 henrico

503 769 702 825 naughty
725 769 919 811 eduardo
941 768 1215 811 donaldsone
1244 766 1537 823 burgensibus
1560 772 1602 810 et
1625 766 1783 809 incolis
1805 765 1911 809 dicti
1934 766 2059 822 burgi
2087 766 2297 810 willelmo

501 838 624 894 philp
665 837 886 893 piscatore
927 837 1107 881 domino
1150 838 1319 880 Ioanne
1354 836 1465 892 lesly
1501 836 1732 891 capellano
1773 836 2011 879 alexandro
2049 836 2296 880 Iohnstoun

501 908 734 963 sergiando
757 907 982 963 magistris
1011 909 1178 951 Ioanne
1207 907 1435 962 kennedye
1464 912 1507 949 et
1537 907 1702 949 andrea
1730 905 1867 961 leslye
1895 904 2081 949 notariis
2108 905 2297 962 publicis

501 993 602 1021 cum
625 978 811 1021 diuersis
833 978 933 1022 aliis
956 979 1015 1021 Et
1039 977 1102 1021 sic
1125 977 1417 1021 subscribitur
1440 977 1511 1020 Ita
1533 982 1599 1019 est
1621 975 1830 1019 dominus
1853 977 2046 1019 Ioannes
2069 975 2295 1020 collesoun

499 1045 690 1089 vicarius
712 1047 767 1089 ad
789 1046 871 1089 hec
898 1060 1033 1089 manu
1063 1044 1239 1101 propria
1269 1044 1482 1100 magister
1513 1045 1705 1087 Ioannes
1734 1045 1937 1100 kennedy
1959 1058 2095 1088 manu
2121 1043 2297 1100 propria

503 1116 573 1158 Ita
595 1122 662 1158 est
685 1114 891 1158 dominus
912 1116 1113 1159 robertus
1135 1115 1268 1171 spark
1285 1129 1420 1158 manu
1443 1113 1619 1170 propria
1637 1115 1827 1158 Iacobus
1849 1115 2030 1171 barelay
2046 1130 2182 1159 manu
2199 1131 2296 1172 pro-

501 1184 595 1239 pria
620 1186 690 1228 Ita
712 1191 779 1228 est
802 1185 1009 1228 dominus
1031 1185 1284 1228 wilhelmus
1304 1185 1468 1228 walcar
1497 1198 1632 1227 manu
1661 1183 1837 1240 propria
1867 1184 2075 1228 dominus
2105 1187 2298 1230 Ioannes

501 1253 692 1309 W'rycht
725 1268 806 1297 sua
838 1268 974 1297 manu
1003 1253 1211 1297 dominus
1242 1254 1434 1296 Ioannes
1462 1252 1687 1308 goldsmyt
1721 1266 1857 1295 manu
1886 1252 2063 1309 propria
2090 1253 2298 1297 dominus

501 1325 739 1368 alexander
759 1324 884 1368 leslie
906 1326 961 1368 ad
983 1325 1065 1368 hec
1091 1325 1162 1367 Ita
1183 1330 1250 1367 est
1273 1323 1480 1367 dominus
1504 1324 1697 1366 Ioannes
1722 1323 1827 1366 blak
1855 1337 1992 1367 manu
2020 1323 2197 1380 propria
2227 1326 2297 1368 Ita

502 1400 568 1436 est
613 1392 821 1437 dominus
863 1393 1102 1437 alexander
1142 1394 1403 1437 robertsoun
1452 1407 1588 1436 manu
1634 1392 1810 1448 propria
1857 1394 1928 1437 Ita
1972 1399 2040 1437 est
2086 1392 2299 1450 magister

501 1463 724 1507 eduardus
756 1462 981 1519 mengzeis
1013 1477 1149 1506 manu
1181 1461 1358 1519 propria
1390 1468 1460 1506 etc
1492 1468 1561 1506 etc

677 1567 748 1610 Ita
774 1572 841 1610 est
871 1566 1084 1622 magister
1112 1567 1314 1610 Thomas
1343 1566 1581 1610 mollisoun
1614 1565 1814 1610 notarius
1841 1566 2046 1623 publicus
2073 1583 2126 1613 ac
2154 1568 2299 1614 scriba

676 1635 927 1679 communis
959 1636 1083 1692 burgj
1118 1637 1171 1679 de
1199 1637 1418 1680 aberdene
1445 1635 1641 1679 Testans
1669 1636 1785 1679 hanc
1813 1650 1964 1680 veram
1995 1652 2094 1682 esse
2123 1638 2298 1695 copiam

676 1704 934 1761 principalis
962 1712 1084 1760 carte
1112 1705 1358 1749 feudifirme
1387 1719 1464 1761 per
1491 1712 1696 1749 curatum
1723 1712 1766 1749 et
1795 1706 2052 1762 capellanos
2080 1708 2202 1753 chori
2231 1724 2300 1754 ec·

675 1774 808 1818 clesie
837 1775 1103 1831 perochialis
1128 1776 1218 1831 diuj
1251 1775 1425 1831 Nicolaj
1454 1776 1507 1819 de
1533 1775 1742 1820 abirdene
1767 1777 1991 1832 quondam
2021 1779 2184 1823 andree
2212 1780 2301 1825 buk

675 1852 718 1888 et
752 1845 932 1889 metilde
969 1860 1179 1901 mengzes
1214 1845 1310 1889 eius
1341 1859 1503 1901 sponse
1534 1847 1589 1889 de
1620 1845 1811 1901 piscaria
1848 1846 2098 1904 subscripta
2130 1849 2300 1893 confec·

675 1921 768 1958 tam
821 1915 1164 1960 collacionatam
1214 1930 1292 1971 per
1341 1930 1411 1959 me
1459 1916 1804 1960 concordantem
1852 1915 1897 1960 in
1945 1917 2152 1963 omnibus
2198 1932 2300 1964 cum

676 1984 909 2042 principalj

541 2101 639 2144 Post
659 2101 834 2157 quinque
845 2101 1049 2158 soliorum
1069 2101 1335 2145 intervallum
1355 2106 1411 2144 est
1432 2101 1573 2144 tabula
1592 2115 1736 2158 regum
1749 2101 2062 2159 principmnque
2078 2104 2265 2160 gentium

1281 2176 1327 2215 ut
1351 2172 1533 2228 sequitur

1270 2289 1353 2330 LE
1386 2288 1544 2330 PAPE

681 2370 953 2424 Lempereur
974 2371 1027 2414 de
1050 2369 1319 2414 Constantin
1577 2369 1617 2412 le
1641 2370 1739 2424 Roy
1759 2370 1813 2412 de
1833 2368 1984 2412 zolbth

739 2439 884 2482 Noble
1578 2439 1642 2481 Le
1667 2439 1765 2494 Roy
1787 2439 1840 2481 de
1863 2452 2088 2494 nouergue

682 2509 954 2563 Lempereur
975 2510 1028 2552 de
1053 2511 1196 2553 Rome
1578 2508 1618 2551 le
1642 2509 1741 2564 Roy
1764 2507 2047 2563 Dangliterre

683 2578 747 2620 Le
772 2579 870 2634 Roy
891 2579 945 2622 de
965 2578 1115 2623 france
1579 2577 1642 2621 Le
1667 2578 1766 2633 Roy
1787 2578 1840 2621 de
1862 2591 2012 2621 scosse

681 2647 746 2688 Le
771 2646 870 2702 Roy
891 2648 944 2690 de
967 2646 1151 2702 spaigne

682 2715 722 2758 le
746 2717 845 2771 Roy
866 2717 1083 2773 darragoii
1579 2716 1644 2758 Le
1669 2716 1767 2770 Roy
1788 2714 2030 2771 honguerie

684 2785 749 2827 Le
774 2787 872 2841 Roy
896 2787 996 2842 Roy
1017 2788 1071 2830 de
1093 2800 1282 2831 nauarre
1580 2785 1645 2828 Le
1669 2786 1768 2840 Roy
1789 2785 1843 2828 de
1864 2784 2041 2840 polanie

682 2854 746 2897 Le
770 2855 870 2910 Roy
891 2854 1139 2911 portingale
1580 2855 1645 2897 Le
1670 2855 1768 2909 Roy
1790 2855 1843 2897 de
1865 2852 2085 2909 bahaigne

683 2925 747 2966 Le
772 2925 869 2979 Roy
891 2919 1216 2981 da9nemarque
1584 2925 1648 2966 Le
1679 2925 1778 2979 Roy
1806 2925 1859 2967 de
1890 2923 2308 2967 cranarthdamarth
