2524 3418
854 274 1027 315 Rentale
1058 273 1203 314 altaris
1237 272 1342 314 beati
1365 273 1474 327 petri
2015 283 2065 324 51

1073 389 1246 430 XXVI.

255 473 429 516 Rentale
479 471 702 528 capellanie
752 470 900 513 altaris
945 474 1079 512 sancte
1129 469 1337 512 katherine
1377 469 1555 524 fundate
1597 473 1673 524 per
1717 467 1922 523 quondam
1973 467 2070 509 bone
2100 474 2236 507 s01.·23¹

371 543 564 585 memorie
616 542 817 584 leomam
867 541 914 583 de
963 539 1139 582 Camem
1179 541 1343 595 sactum
1388 539 1519 596 Apud
1564 538 1775 581 Abirdene
1820 538 1961 594 quinto
2006 538 2071 580 die

372 613 520 655 mensis
560 612 710 667 πτανοί]
746 612 874 653 Anno
916 610 1076 653 domim·
1115 610 1334 652 millesimo
1374 609 1695 666 quingentesimo
1727 609 1868 665 primo

331 698 370 739 N
397 696 617 739 PRIMIS
641 696 694 738 de
716 701 835 737 terra
865 693 1050 737 Roberti
1073 692 1260 736 blinsele
1284 693 1466 735 Iacente
1489 691 1534 734 in
1557 693 1697 746 burgo
1715 692 1768 734 de
1785 691 2005 735 aberdene
2027 689 2072 732 in
2102 698 2248 732 Rentale

385 765 484 808 vico
521 764 656 820 castrj
696 779 748 806 ex
785 763 942 806 boriali
979 768 1107 817 parte
1144 761 1343 804 eiusdem
1375 761 1461 804 vici
1497 760 1571 816 xiij
1596 775 1618 803 s
1649 767 1692 803 et
1724 759 1785 816 iiij
1810 761 1837 803 d
1870 762 1986 803 Item
2021 760 2075 803 de

259 842 379 879 terra
403 835 620 878 Iohannis
641 836 850 878 Wormet
874 848 926 876 ex
947 832 1147 875 Australi
1170 838 1297 886 parte
1324 831 1523 874 eiusdem
1545 830 1631 873 vici
1652 845 1680 873 x
1697 845 1718 873 s
1741 831 1857 873 Item
1880 831 1934 872 de
1955 835 2076 872 terra

259 907 485 961 quondam
514 905 668 947 thome
695 903 822 959 quhit
852 917 971 945 nunc
1000 901 1175 957 patricij
1206 901 1330 944 leslie
1357 916 1434 944 sex
1451 916 1472 943 s
1498 908 1541 943 et
1568 907 1669 943 octo
1687 901 1714 943 d
1743 902 1858 942 Item
1881 900 1935 942 de
1956 905 2077 942 terra

263 977 418 1018 Ionete
456 976 688 1029 Wyntone
728 975 911 1015 Iacente
948 972 993 1013 in
1030 971 1129 1014 vico
1171 971 1377 1013 inferiore
1419 969 1606 1013 ecclesie
1648 984 1701 1012 ex
1742 969 1909 1013 boreali
1949 974 2077 1024 parte

261 1045 461 1088 eiusdem
494 1044 568 1099 xiij
590 1059 610 1086 s
642 1049 685 1086 et
718 1043 778 1098 iiij
800 1044 827 1085 d
861 1044 977 1084 Item
1011 1043 1064 1084 de
1095 1047 1215 1084 terra
1237 1040 1457 1084 Willelmi
1487 1040 1739 1083 Andirsone
1761 1039 1806 1082 in
1828 1039 1927 1082 vico
1948 1037 2078 1081 viridi

260 1130 398 1171 prope
420 1122 587 1157 terram
620 1114 774 1156 thome
806 1113 1042 1168 gladstane
1063 1126 1126 1153 vs
1150 1113 1266 1153 Item
1289 1112 1343 1153 de
1371 1117 1491 1153 terra
1518 1110 1637 1153 dicto
1666 1110 1795 1165 altarj
1827 1109 2080 1165 pertinente

262 1202 315 1230 ex
351 1186 557 1229 orientali
598 1192 725 1240 parte
767 1184 967 1227 eiusdem
1008 1182 1094 1225 vici
1134 1182 1215 1238 vjs
1259 1184 1374 1224 Item
1421 1183 1474 1224 de
1515 1181 1647 1224 terris
1699 1180 1971 1223 Inhabitatis
2004 1194 2082 1235 per

261 1257 466 1299 thomam
498 1262 605 1311 pyot
632 1261 675 1297 et
704 1256 920 1297 Iacobum
952 1260 1059 1309 pyot
1085 1267 1148 1295 vs
1181 1254 1297 1295 Item
1331 1253 1385 1295 de
1417 1252 1558 1294 crofto
1589 1257 1749 1294 vocato
1775 1251 1816 1293 le
1843 1252 1946 1294 Sow
1967 1250 2080 1293 croft

262 1341 400 1381 prope
422 1326 462 1368 le
487 1326 731 1368 Denburne
752 1324 826 1379 viij
846 1339 866 1366 s

381 1397 441 1438 Et
466 1396 535 1438 De
557 1393 690 1437 dictis
711 1392 874 1437 annuis
897 1391 1165 1436 Redditibus
1187 1391 1310 1434 nulla
1332 1391 1523 1434 habetur
1545 1396 1670 1433 carta

1077 1521 1277 1563 XXVII.

380 1603 638 1646 ENTALE
680 1617 931 1646 annuorum
973 1601 1228 1644 reddituum
1266 1598 1422 1643 altaris
1458 1598 1576 1653 beatj
1620 1597 1733 1653 petrj
1778 1597 2082 1653 apostolorum

439 1673 654 1729 principis
695 1673 740 1715 in
784 1672 973 1716 ecclesia
1014 1669 1260 1727 parochiali
1302 1669 1420 1724 beatj
1465 1667 1676 1723 nicholaij
1724 1667 1991 1710 confessoris
2032 1669 2086 1710 de

266 1743 492 1788 Abirdene
533 1743 688 1786 situati
724 1758 803 1799 per
844 1742 1128 1798 capellanum
1171 1741 1370 1783 eiusdem
1412 1740 1706 1782 leuandorum
1743 1740 1799 1782 ad
1833 1739 1945 1781 duos
1980 1738 2085 1781 anni

265 1814 484 1858 terminos
511 1813 718 1857 videlicet
749 1813 903 1868 Sanctj
937 1811 1117 1866 martinj
1149 1811 1193 1854 in
1221 1825 1350 1867 yeme
1380 1817 1423 1853 et
1452 1809 1750 1865 penticostem
1781 1810 1835 1852 de
1862 1808 1994 1851 terris
2023 1808 2086 1850 in-

267 1884 518 1940 frascriptis
552 1886 605 1927 In
637 1883 795 1939 primis
826 1883 899 1938 xiij
930 1898 950 1925 s
977 1889 1020 1925 et
1047 1882 1107 1937 iiij
1138 1883 1165 1925 d
1194 1883 1247 1924 de
1278 1887 1399 1924 terra
1431 1879 1636 1935 magistri
1671 1878 1887 1922 Iohannis
1918 1878 2088 1923 cadiow

271 1956 454 1998 Iacente
476 1969 530 1997 ex
551 1953 708 1998 boriali
730 1959 858 2009 parte
887 1952 1129 2008 superioris
1151 1950 1338 1994 ecclesie
1360 1950 1477 1993 inter
1497 1956 1664 1993 terram
1687 1950 1784 1992 Ade
1805 1950 1859 1992 de
1881 1949 2089 1992 craufurd

271 2041 324 2069 ex
355 2031 483 2081 parte
515 2024 720 2068 orientali
754 2026 870 2067 Item
903 2022 1026 2078 xxtjvj
1045 2038 1066 2065 s
1098 2028 1141 2064 et
1173 2028 1274 2064 octo
1297 2022 1324 2064 d
1356 2023 1410 2064 de
1440 2028 1561 2064 terra
1595 2019 1811 2063 Iohannis
1840 2021 1893 2062 de
1920 2018 2090 2073 scrogis

270 2110 324 2139 ex
345 2101 472 2151 parte
495 2094 761 2138 occidentali
783 2101 900 2136 terre
923 2094 1148 2148 quondam
1181 2091 1345 2146 robertj
1371 2093 1424 2134 de
1455 2091 1650 2146 tuligreg
1681 2105 1733 2132 ex
1755 2088 1942 2133 australi
1964 2095 2090 2144 parte

269 2165 354 2220 vicj
380 2164 517 2208 castri
539 2171 583 2207 et
605 2171 773 2207 terram
807 2164 1032 2218 quondam
1058 2161 1274 2204 Iohannis
1296 2162 1349 2203 de
1372 2175 1470 2203 mar
1501 2175 1554 2202 ex
1584 2166 1711 2215 parte
1743 2157 1949 2201 orientali
1974 2159 2089 2200 Item

271 2235 350 2278 XXtj
366 2250 386 2278 s
409 2236 462 2278 de
484 2241 605 2277 terra
627 2234 843 2276 heredum
867 2233 1093 2287 quondam
1123 2231 1277 2273 thome
1302 2230 1497 2272 Rolland
1521 2231 1704 2272 Iacente
1727 2243 1779 2270 ex
1800 2234 1927 2283 parte
1948 2225 2090 2269 orien-

271 2305 351 2348 tali
387 2304 472 2360 vicj
507 2305 733 2347 furcarum
776 2303 893 2345 inter
933 2309 1100 2344 terram
1141 2300 1296 2343 thome
1338 2300 1534 2342 croudan
1577 2313 1630 2341 ex
1669 2304 1797 2353 parte
1838 2295 2005 2341 boreali
2047 2301 2090 2338 et

269 2382 436 2418 terram
476 2373 693 2417 Richardi
735 2372 884 2415 kintor
922 2387 975 2414 ex
1011 2377 1139 2427 parte
1177 2369 1364 2414 australi
1407 2371 1524 2412 Item
1559 2369 1640 2424 vjs
1677 2369 1731 2411 de
1767 2373 1886 2410 terra
1928 2366 2089 2409 Iohan-

272 2445 342 2488 nis
364 2445 620 2488 stevinsone
654 2446 837 2487 Iacente
860 2443 905 2485 in
928 2443 968 2485 le
991 2457 1090 2485 new
1111 2456 1204 2484 raw
1223 2441 1308 2496 vicj
1332 2440 1559 2483 furcarum
1586 2439 1703 2481 inter
1723 2445 1891 2481 terram
1913 2438 2089 2480 Andree

272 2515 455 2557 baxstar
488 2529 541 2556 ex
578 2520 705 2569 parte
742 2511 930 2556 australi
968 2518 1011 2554 et
1048 2517 1215 2554 terram
1255 2509 1472 2552 Iohannis
1508 2508 1636 2564 quhit
1673 2523 1726 2553 ex
1762 2514 1888 2563 parte
1924 2506 2090 2550 boreali

274 2584 390 2626 Item
421 2598 485 2626 vs
516 2584 570 2625 de
602 2583 796 2638 quodam
828 2581 941 2624 tofto
964 2586 1007 2623 et
1031 2581 1171 2623 crofto
1203 2581 1386 2622 Iacente
1416 2578 1462 2621 in
1494 2577 1829 2621 constabillaria
1860 2578 1914 2619 de
1945 2575 2091 2618 durris

271 2653 387 2697 infra
407 2653 773 2696 vicecomitatum
797 2653 851 2696 de
873 2650 1120 2708 kyncardin
1155 2652 1271 2693 Item
1294 2664 1371 2692 sex
1393 2664 1414 2692 s
1437 2656 1479 2692 et
1501 2649 1575 2704 viij
1601 2650 1628 2691 d
1651 2649 1704 2691 de
1725 2655 1843 2690 terra
1876 2646 2092 2689 Iohannis

271 2725 465 2768 loremar
502 2726 686 2767 Iacente
723 2724 768 2766 in
805 2723 846 2766 le
883 2737 982 2765 new
1013 2737 1104 2765 raw
1138 2721 1254 2764 inter
1287 2727 1455 2763 terram
1494 2719 1678 2774 Robertj
1719 2717 1845 2773 quhit
1880 2731 1933 2759 ex
1966 2723 2091 2771 parte

272 2795 439 2839 boreali
469 2801 512 2837 et
540 2801 706 2838 terram
739 2793 932 2849 duncanj
967 2793 1158 2836 tailzour
1183 2807 1236 2834 ex
1263 2798 1390 2847 parte
1423 2790 1610 2834 australi
1631 2803 1824 2833 vnacum
1858 2787 2091 2830 mansione

272 2865 427 2920 Sanctj
452 2864 564 2920 petrj
591 2866 773 2907 Iacente
795 2879 848 2907 ex
870 2863 1036 2918 borealj
1059 2862 1144 2917 vicj
1170 2862 1305 2917 castrj

389 2937 578 2979 Summa
599 2935 755 2978 altaris
778 2933 932 2989 Sanctj
957 2933 1076 2988 petri
1093 2932 1136 2987 iij
1162 2933 1222 2975 lib
1248 2932 1334 2986 xvij
1353 2947 1373 2973 s
1399 2931 1472 2985 viij
1491 2933 1517 2973 d

2105 745 2231 776 Sancte

2105 786 2290 820 Katherine

2116 1604 2260 1637 Rentale

2117 1649 2233 1691 Sanctj
2252 1648 2336 1690 petrj

2118 1901 2209 1924 nunc
2222 1891 2343 1934 johan-

2120 1937 2173 1968 nis
2191 1936 2329 1976 Murray

2121 1979 2268 2012 Iunioris

2121 2044 2211 2066 nunc
2227 2033 2320 2065 here-

2121 2078 2201 2110 dum
2219 2077 2342 2109 andree

2121 2121 2288 2154 meldrum

2122 2252 2212 2276 nunc
2231 2241 2366 2285 gilbertj

2121 2297 2261 2319 menzeS

2122 2460 2212 2483 nunc
2229 2451 2339 2492 capel-

2122 2496 2280 2527 lanorum
2295 2494 2388 2535 chorj
