2524 3418
521 265 734 308 andatio
764 265 986 322 capellanie
1016 266 1162 309 altaris
1193 265 1286 309 diui
1313 266 1514 310 Iohannis
1547 268 1712 325 baptiste
1969 271 2022 323 83

1021 476 1219 518 XLVII.

210 565 424 608 Fundatio
454 566 676 622 capellanie
706 567 853 610 altaris
893 568 985 624 dinj
1023 569 1225 611 Iohannis
1267 569 1434 625 baptiste
1461 570 1717 626 procnrsoris
1757 571 1916 628 dominj
1948 577 2024 628 per

901 637 1130 680 Iohannem
1159 638 1328 681 Knollis

332 729 580 772 MNIBUS
618 728 734 772 hanc
776 730 961 773 Cartam
1002 729 1164 774 visuris
1204 731 1273 774 vel
1319 731 1551 775 Audituris
1594 732 1819 776 Iohannes
1860 733 2023 776 knollis

386 798 618 854 burgensis
652 799 779 856 burgi
813 801 866 843 de
899 800 1120 845 Abirdene
1154 816 1206 845 ac
1240 817 1371 845 verus
1405 809 1448 845 et
1484 804 1771 847 Indubitatus
1807 811 2022 860 patronus

210 869 364 914 altaris
415 869 532 924 beatj
588 869 804 912 Iohannis
854 870 1048 926 baptiste
1098 871 1212 915 infra
1263 872 1499 916 ecclesiam
1542 873 1659 929 beatj
1709 874 1918 930 nicholaij
1969 876 2023 917 de

209 939 430 983 Abirdene
472 937 626 981 situati
670 939 889 982 Eternam
931 939 976 982 in
1018 940 1199 983 domino
1242 942 1434 984 salutem
1471 956 1573 986 curn
1613 957 1770 986 omnes
1803 944 2023 987 stabimus

209 1016 314 1053 ante
335 1008 530 1052 tribunal
557 1008 725 1051 domini
752 1009 893 1052 nostri
919 1009 1048 1053 ihesu
1071 1010 1239 1054 Christi
1270 1011 1364 1054 siue
1391 1013 1557 1055 bonum
1584 1012 1678 1056 siue
1701 1013 1870 1056 malum
1891 1013 2022 1057 fuerit

208 1085 338 1135 prout
355 1079 400 1121 in
419 1079 615 1134 Corpore
637 1079 860 1135 gessimus
882 1081 1104 1136 recepturi
1125 1081 1268 1137 Igitur
1290 1081 1407 1124 diem
1431 1083 1614 1138 extremj
1637 1084 1794 1140 Iudicij
1815 1084 2023 1140 operibus

208 1149 511 1193 misericordie
537 1149 667 1193 valde
699 1150 939 1206 expediens
970 1158 1038 1195 est
1069 1151 1301 1207 preuenire
1324 1158 1372 1195 ut
1396 1153 1617 1197 seminata
1645 1154 1690 1196 in
1722 1155 1852 1197 terris
1874 1155 2022 1198 multi-

207 1221 311 1277 plici
332 1222 479 1264 fructu
502 1221 709 1277 colligere
731 1221 962 1264 valeamus
984 1221 1030 1264 in
1053 1222 1161 1265 celis
1177 1224 1308 1266 Vnde
1330 1223 1546 1266 noueritis
1568 1238 1639 1267 me
1660 1224 1706 1266 in
1728 1232 2020 1280 augmentum

207 1292 346 1335 diuini
369 1292 531 1336 Cultus
552 1292 728 1335 dedisse
757 1292 1034 1335 concessisse
1056 1298 1099 1335 et
1122 1293 1207 1337 hac
1229 1294 1424 1349 presentj
1456 1301 1581 1338 carta
1606 1309 1706 1338 mea
1732 1297 2022 1339 confirmasse

207 1364 289 1405 deo
311 1361 570 1406 beatissime
591 1361 751 1418 virgini
773 1361 912 1405 marie
942 1368 985 1405 et
1014 1363 1222 1407 omnibus
1245 1363 1414 1407 sanctis
1436 1378 1488 1407 ac
1511 1363 1641 1407 altari
1663 1364 1782 1408 beati
1806 1365 2022 1408 Iohannis

208 1432 416 1488 Baptiste
467 1431 694 1475 antedicto
746 1437 789 1474 et
841 1431 1022 1474 domino
1071 1432 1310 1476 alexandro
1350 1439 1482 1477 vocat
1529 1433 1761 1488 capellano
1807 1440 2022 1489 perpetuo

208 1503 380 1547 Ibidem
413 1502 655 1559 celebrantj
684 1508 727 1545 et
754 1501 848 1546 suis
880 1503 1214 1547 successoribus
1241 1503 1414 1547 Ibidem
1438 1503 1729 1547 celebraturis
1760 1518 1838 1559 pro
1871 1504 2022 1547 anima

207 1588 307 1617 mea
349 1588 400 1617 ac
443 1573 680 1617 animabus
721 1579 958 1629 parentum
1001 1588 1312 1618 successorum
1355 1581 1398 1617 et
1440 1575 1774 1618 benefactorum
1819 1589 2019 1618 meorum

205 1659 258 1688 ac
281 1644 481 1688 omnium
510 1644 709 1687 fidelium
736 1644 1046 1687 defunctorum
1072 1660 1210 1688 vnum
1237 1659 1437 1688 annuum
1469 1645 1692 1688 redditum
1724 1645 2020 1701 quadraginta

204 1713 336 1757 vnius
368 1713 611 1757 solidorum
633 1713 802 1756 vsualis
828 1720 1007 1756 monete
1036 1713 1181 1757 scocie
1214 1713 1448 1758 annuatim
1477 1714 1719 1758 leuandum
1747 1715 1799 1757 de
1825 1716 2018 1769 quadam

204 1791 324 1828 terra
357 1784 574 1828 Iohannis
605 1783 754 1827 kintor
785 1785 968 1827 Iacente
1004 1784 1117 1828 infra
1153 1785 1323 1828 dictum
1357 1786 1547 1841 burgum
1583 1784 1629 1827 in
1659 1784 1758 1827 vico
1794 1784 1930 1827 castri
1967 1799 2020 1827 ex

205 1855 392 1899 australi
429 1861 555 1911 parte
594 1855 794 1898 eiusdem
835 1854 920 1910 vicj
963 1855 1080 1898 inter
1123 1855 1258 1899 aliam
1300 1861 1466 1898 terram
1514 1855 1664 1910 Ipsius
1707 1854 1924 1897 Iohannis
1967 1868 2020 1897 ex

204 1925 410 1969 orientali
444 1940 497 1968 ex
527 1939 615 1968 vna
651 1931 694 1968 et
731 1931 896 1968 terram
931 1925 1159 1969 alexandri
1199 1941 1296 1969 mar
1331 1940 1384 1969 ex
1419 1924 1688 1968 occidentali
1727 1924 1930 1980 partibus
1963 1925 2019 1967 ab

203 1996 346 2040 altera
377 1997 692 2039 extendentem
719 1995 764 2038 in
793 1995 1071 2051 longitudine
1100 2011 1126 2039 a
1155 1995 1383 2039 communi
1403 1995 1476 2039 via
1506 1995 1629 2051 regia
1658 2009 1815 2037 versus
1836 1996 2017 2037 boream

203 2068 259 2110 ad
290 2072 534 2109 torrentem
567 2072 722 2108 sancte
743 2065 960 2108 trinitatis
990 2081 1145 2109 versus
1178 2073 1382 2109 austrum
1404 2067 1469 2109 Ac
1490 2080 1628 2108 vnum
1650 2064 1788 2108 alium
1818 2078 2016 2107 annuum

201 2136 425 2180 redditum
476 2137 665 2179 duorum
712 2150 963 2178 mercarum
1010 2136 1210 2180 eiusdem
1258 2142 1437 2179 monete
1478 2137 1532 2179 de
1573 2134 1661 2178 alia
1706 2141 1825 2177 terra
1870 2133 2018 2189 Ipsius

204 2206 420 2250 Iohannis
454 2208 628 2263 Kyntor
660 2207 843 2249 Iacente
866 2221 919 2249 ex
940 2206 1144 2263 orientalj
1169 2213 1297 2262 parte
1319 2207 1488 2262 prefate
1519 2211 1635 2249 terre
1667 2219 1746 2248 sue
1778 2219 1832 2247 ex
1858 2219 1947 2247 vna
1974 2210 2017 2246 et

201 2283 368 2321 terram
410 2278 636 2333 quondam
672 2276 893 2321 Willelmi
930 2292 1109 2333 moyses
1144 2277 1347 2332 partibus
1383 2277 1439 2320 ab
1475 2275 1616 2319 altera
1652 2281 1696 2318 et
1732 2288 2017 2317 communem

201 2347 321 2391 viam
343 2347 513 2403 regiam
534 2361 692 2390 versus
713 2348 894 2391 boream
917 2348 1232 2391 extendentem
1261 2348 1318 2391 ad
1345 2352 1591 2390 torrentem
1615 2346 1781 2389 Sancte
1802 2343 2018 2387 trinitatis

201 2431 358 2460 versus
399 2423 602 2461 austrum
643 2417 689 2460 in
731 2423 1024 2473 augmentum
1062 2417 1262 2473 primeue
1298 2415 1620 2460 infeodacionis
1661 2421 1704 2458 et
1737 2413 2018 2458 fundacionis

202 2486 322 2530 dicto
354 2486 484 2530 altari
515 2488 632 2531 facte
664 2487 906 2532 Tenendos
938 2494 981 2531 et
1014 2488 1245 2532 habendos
1277 2487 1423 2531 dictos
1454 2501 1629 2530 annuos
1663 2485 1883 2528 Redditus
1915 2499 2017 2528 cum

202 2556 491 2613 pertinenciis
512 2558 683 2614 prefato
706 2559 940 2614 capellano
963 2565 1007 2602 et
1030 2558 1123 2602 suis
1142 2558 1487 2602 Successoribus
1511 2556 1771 2613 Capellanis
1793 2555 2018 2611 perpetuis

201 2627 401 2671 eiusdem
431 2642 456 2671 a
485 2643 556 2671 me
584 2634 628 2672 et
657 2628 895 2672 heredibus
927 2629 1040 2671 meis
1065 2629 1110 2671 in
1140 2643 1299 2684 puram
1332 2627 1646 2684 Elymosinam
1680 2628 2016 2681 Imperpetuum

201 2699 317 2741 Cum
350 2697 558 2742 omnibus
589 2705 632 2742 et
666 2699 855 2756 singulis
887 2700 1168 2744 libertatibus
1201 2698 1563 2744 Comoditatibus
1594 2704 1637 2741 et
1670 2695 1932 2740 asiamentis
1963 2709 2015 2737 ac

201 2768 341 2811 Iustis
383 2768 475 2811 suis
525 2769 814 2824 pertinenciis
865 2770 1204 2826 quibuscunque
1245 2771 1369 2814 Adeo
1420 2769 1556 2813 libere
1606 2766 1802 2823 plenarie
1843 2765 2013 2820 integre

200 2839 442 2882 honorifice
484 2841 596 2883 bene
637 2848 681 2884 et
722 2841 768 2884 in
810 2856 920 2897 pace
962 2841 1008 2884 in
1050 2841 1259 2885 omnibus
1299 2847 1344 2884 et
1385 2855 1464 2897 per
1503 2838 1655 2883 omnia
1696 2838 1811 2880 sicut
1853 2835 2014 2891 aliquis

201 2924 378 2953 annuus
403 2911 603 2954 redditus
629 2912 742 2955 infra
768 2912 938 2955 dictum
971 2914 1161 2969 burgum
1193 2912 1238 2955 in
1270 2926 1429 2968 puram
1461 2917 1505 2954 et
1537 2916 1798 2966 perpetuam
1832 2907 2013 2962 Elymo-

2054 577 2112 611 fol.
2127 579 2167 611 33
2178 577 2191 597 ²
