2524 3418
805 337 1018 379 Fundatio
1048 338 1286 392 Margarete
1317 337 1513 379 Chalmer
1985 349 2063 392 171

264 455 349 496 Pro
386 468 472 508 quo
515 453 725 495 collector
765 453 846 506 eijs
888 452 1120 494 annuatim
1164 452 1413 493 Distribuet
1455 451 1530 506 xiij
1575 451 1740 493 solidos
1776 458 1818 493 et
1856 458 2066 505 quattuor

264 523 485 565 Denarios
508 524 568 564 Et
591 529 690 576 post
714 522 847 563 finem
872 522 1040 575 prefate
1064 521 1198 562 misse
1221 521 1337 562 idern
1357 521 1568 562 collector
1591 520 1826 562 caritatiue
1846 521 2066 574 Disponet

261 593 529 647 pauperibus
572 592 659 633 Sex
700 591 864 632 solidos
907 592 966 632 Et
1010 590 1186 632 sibimet
1229 605 1308 644 pro
1350 590 1660 631 distributione
1702 596 1802 631 octo
1846 590 2066 631 Denarios

261 662 457 717 captabit
492 663 586 703 Nec
619 661 791 702 licitum
824 660 904 701 erit
942 661 1136 714 prefatos
1169 660 1451 701 collectorem
1490 666 1694 701 curatum
1730 666 1772 700 et
1811 660 2065 713 capellanos

259 734 418 775 fratres
456 731 577 773 Dicti
615 731 736 784 chorj
777 732 955 772 easdem
999 731 1212 784 pecunias
1254 731 1474 784 attingere
1515 737 1592 772 aut
1630 730 1864 784 disponere
1907 729 2066 783 quouis

258 809 391 856 pacto
423 801 508 842 nisi
541 802 596 842 ad
629 800 901 854 emptionem
933 800 1063 841 Vnius
1096 801 1230 854 annuj
1274 801 1493 842 Redditus
1523 800 1681 854 viginti
1715 800 1955 842 solidorum
1989 806 2065 841 aut

259 871 637 913 constructionem
679 871 809 911 vnius
853 870 1027 924 publice
1072 872 1231 912 domus
1273 873 1328 912 ad
1371 886 1522 912 eorum
1563 871 1803 912 Vtilitatem
1853 877 2066 925 perpetuo

258 954 435 982 cessure
466 941 525 980 Et
558 954 636 993 pro
669 939 824 993 maiorj
856 940 1058 981 veritatis
1090 940 1340 981 assercione
1368 947 1410 981 et
1444 940 1717 982 condicionis
1750 940 1965 994 premisse
1993 940 2066 981 ob-

259 1009 518 1051 seruacione
551 1009 662 1063 petit
693 1009 886 1050 fundans
919 1010 1003 1050 hoc
1035 1024 1218 1063 presens
1255 1010 1481 1063 publicum
1519 1010 1868 1052 instrumentum
1912 1010 2067 1064 Sigillo

259 1079 484 1133 communj
510 1079 616 1120 dicti
640 1078 822 1133 capitulj
857 1085 899 1120 et
931 1079 1119 1120 fratrum
1152 1079 1351 1120 eiusdem
1376 1080 1777 1133 subscriptionibus
1800 1079 2064 1133 communirj

257 1150 373 1190 Acta
410 1150 554 1189 Erant
589 1148 670 1189 hec
708 1147 753 1188 in
789 1148 957 1202 templo
995 1147 1084 1202 diuj
1123 1148 1301 1202 nicolaij
1343 1150 1395 1190 de
1438 1149 1648 1190 abirdene
1685 1149 1729 1190 in
1773 1149 1937 1191 sacello
1975 1148 2064 1202 diuj

257 1217 369 1272 petrj
399 1216 589 1271 apostoli
612 1217 768 1258 horam
792 1217 967 1258 circiter
989 1231 1153 1258 nonam
1177 1224 1282 1258 ante
1305 1217 1543 1259 merediem
1569 1218 1660 1259 Sub
1683 1232 1800 1259 anno
1824 1217 1893 1259 die
1915 1231 2068 1258 mense

260 1285 509 1328 Indictione
546 1292 589 1327 et
626 1285 904 1340 pontifficatu
943 1285 1103 1339 quibus
1146 1301 1279 1340 supra
1322 1286 1611 1328 Presentibus
1655 1286 1827 1328 Ibidem
1865 1286 2068 1328 discretis

257 1356 363 1398 viris
395 1355 610 1410 magistro
642 1356 798 1397 thoma
831 1355 1031 1397 chalmer
1051 1355 1217 1398 vicario
1250 1357 1304 1398 de
1336 1370 1509 1410 mygwe
1541 1356 1734 1398 dominis
1766 1356 1899 1398 dauid
1922 1358 2068 1399 Waus

258 1426 414 1468 thoma
455 1426 601 1480 bynne
638 1425 869 1467 Willelmo
907 1425 1148 1479 philpsoun
1185 1431 1228 1466 et
1265 1427 1431 1467 andrea
1473 1426 1620 1467 Waus
1666 1425 1910 1480 capellanis
1953 1427 2067 1468 Cum

259 1497 447 1540 diuersis
479 1496 578 1538 aliis
611 1497 666 1538 ad
699 1496 918 1550 premissa
950 1496 1122 1538 vocatis
1154 1495 1319 1550 pariter
1350 1503 1392 1538 et
1428 1496 1616 1550 Rogatis

433 1603 493 1644 Et
527 1603 626 1657 Ego
660 1602 886 1644 Iohannes
919 1601 1184 1643 nicholsoun
1217 1601 1400 1644 Arcium
1436 1601 1651 1656 magister
1682 1601 1912 1656 presbyter
1945 1601 2068 1642 Dun-

431 1670 655 1713 keldensis
678 1670 906 1713 dioceseos
932 1669 1137 1725 publicus
1160 1685 1286 1712 sacra
1309 1670 1556 1725 apostolica
1579 1669 1846 1712 auctoritate
1868 1669 2068 1711 notarius

432 1756 567 1796 quare
598 1740 828 1796 premissis
862 1740 1082 1783 Omnibus
1116 1742 1175 1782 Et
1214 1740 1412 1795 Singulis
1447 1741 1568 1782 Dum
1604 1739 1677 1782 Sic
1715 1746 1762 1781 ut
1795 1738 2069 1794 premittitur

433 1812 702 1854 Dicerentur
716 1818 955 1866 agerentur
969 1817 1012 1853 et
1028 1811 1182 1853 fierent
1198 1825 1390 1853 vnacum
1411 1810 1664 1853 Prenotatis
1679 1809 1870 1852 testibus
1885 1823 2068 1863 presens

431 1880 728 1936 personalitur
755 1880 933 1936 interfuj
961 1881 1030 1923 Ea
1060 1895 1143 1935 que
1168 1880 1334 1924 Omnia
1357 1887 1400 1923 et
1426 1881 1612 1936 Singula
1638 1879 1700 1922 sic
1724 1879 1816 1934 fierj
1841 1879 1929 1934 vidj
1955 1878 2066 1933 sciuj

432 1957 474 1993 et
498 1950 646 2006 audiuj
666 1952 730 1993 Ac
748 1951 793 1993 in
816 1957 969 1993 notam
989 1951 1097 2006 Cepi
1117 1953 1224 1994 Id-eo
1247 1967 1331 2007 que
1348 1952 1432 1994 hoc
1451 1966 1635 2007 presens
1657 1950 1884 2006 publicum
1908 1950 2069 1992 instru-

432 2027 634 2062 mentum
668 2035 804 2062 manu
846 2035 946 2062 mea
987 2021 1164 2075 propria
1206 2021 1396 2063 fideliter
1439 2021 1655 2076 scriptum
1698 2020 1856 2063 exinde
1898 2020 2066 2075 confecj

433 2089 570 2144 Signo
593 2089 773 2131 nomine
806 2096 848 2132 et
871 2090 1137 2145 cognomine
1159 2090 1271 2132 meis
1294 2090 1438 2132 solitis
1462 2091 1522 2132 Et
1556 2089 1782 2133 consuetis
1807 2089 1991 2144 Signauj
2026 2095 2069 2131 et

433 2159 676 2215 subscripsi
701 2161 905 2215 Rogatus
937 2166 980 2202 et
1007 2159 1268 2214 Requisitus
1299 2159 1344 2201 in
1367 2160 1500 2202 fidem
1524 2159 1727 2202 omnium
1751 2158 2069 2214 premissorum

325 1770 368 2043 uquesfionqo

548 2265 750 2308 Thomas
773 2266 1011 2309 Chawmer
1033 2268 1227 2310 Curatus
1249 2268 1302 2309 de
1329 2267 1538 2309 abirdene
1562 2281 1698 2309 manu
1721 2265 1898 2321 propria

549 2335 757 2378 dominus
780 2336 914 2379 dauid
936 2338 1082 2379 Waus
1104 2352 1241 2379 manu
1263 2337 1418 2392 propia

551 2406 759 2448 dominus
783 2407 1008 2449 Iohannes
1028 2408 1110 2463 fyff
1122 2423 1258 2450 manu
1281 2407 1458 2463 propria

550 2475 758 2518 dominus
782 2476 1008 2519 Iohannes
1030 2478 1175 2520 Waus
1198 2491 1335 2519 manu
1358 2477 1535 2532 propria

550 2545 757 2588 dominus
782 2546 1003 2589 Ricardus
1024 2549 1288 2590 Andersoun
1311 2562 1447 2590 manu
1469 2547 1647 2602 propria

550 2616 758 2658 dominus
781 2617 1040 2660 Willelmus
1061 2618 1248 2673 philippj
1274 2633 1411 2661 manu
1433 2619 1609 2673 propria

551 2685 760 2728 dominus
784 2687 1009 2729 Iohannes
1032 2702 1228 2743 cumyng
1249 2703 1385 2730 manu
1408 2689 1586 2743 propria

551 2755 758 2798 dominus
781 2757 914 2799 dauid
937 2758 1118 2800 lorimar
1140 2773 1276 2800 manu
1299 2759 1476 2813 propria

552 2825 760 2868 dominus
784 2828 1008 2870 Iohannes
1030 2829 1308 2883 goldsmytht
1332 2844 1468 2871 manu
1491 2828 1670 2883 propria

556 2896 748 2938 Ioannes
770 2897 910 2940 bissat
936 2898 1154 2952 Magister
1176 2899 1295 2941 scole
1318 2913 1455 2941 manu
1480 2899 1657 2954 propria

556 2966 764 3009 dominus
785 2968 1062 3011 Wilhelmus
1084 2984 1249 3024 couper
1270 2984 1407 3012 manu
1432 2969 1609 3024 propria
