2524 3418
158 1562 214 1595 sol.
232 1562 272 1595 2¹

449 280 474 320 4
770 269 913 310 Litcra
946 269 1080 322 Regia
1111 269 1156 310 dc
1189 268 1474 323 Rcdcntptionc
1507 267 1698 309 Custume
1730 265 1841 308 Salis
1875 266 1934 308 &c

451 382 785 437 quibuscunque
812 383 1148 438 quibuscunque
1175 381 1448 437 temporibus
1470 394 1602 435 super
1631 379 1905 423 subiectione
1942 378 2084 433 Regni
2115 377 2252 421 scotie

452 453 521 493 uel
552 453 803 495 Incolarum
837 453 1035 495 eiusdem
1070 467 1146 506 per
1175 465 1460 505 quoscunque
1496 452 1642 504 Reges
1664 450 1734 492 uel
1767 449 1937 491 incolas
1968 447 2152 490 clericos
2183 447 2254 490 uel

453 520 591 563 laicos
623 521 762 576 ipsius
796 523 939 577 Regni
968 522 1117 565 Scotie
1144 536 1222 576 pro
1249 521 1376 564 nobis
1402 520 1638 562 heredibus
1664 526 1706 562 et
1734 518 2064 562 successoribus
2093 517 2257 560 nostris

453 589 723 632 remittimus
759 590 938 645 penitus
974 598 1016 632 ct
1055 590 1235 632 omnino
1274 591 1334 632 Et
1372 589 1408 631 si
1441 603 1524 643 que
1557 588 1682 631 litere
1716 594 1837 631 carte
1874 587 2153 630 munimenta
2185 587 2256 629 uel

454 657 751 701 instrumenta
783 658 1059 713 reperiantur
1088 660 1140 701 de
1173 664 1319 701 cetero
1352 657 1604 711 ubicunque
1635 671 1768 712 super
1799 655 2054 699 huiusmodi
2092 655 2257 710 obliga-

454 728 649 783 tionibus
675 729 1045 772 conuentionibus
1067 735 1110 771 et
1134 728 1278 784 pactis
1308 728 1508 771 confecte
1530 727 1600 770 uel
1624 727 1825 770 confecta
1851 741 1929 782 pro
1956 725 2097 770 cassis
2123 725 2258 768 irritis

455 796 661 841 inanibus
707 806 750 840 et
791 798 946 841 vacuis
992 799 1242 842 habeantur
1287 797 1541 852 nulliusque
1586 797 1796 840 nolumus
1842 811 1940 840 esse
1979 795 2144 840 valoris
2186 795 2257 838 uel

455 867 668 910 momenti
707 869 766 910 Et
804 869 858 911 ad
896 868 1114 923 premissa
1145 868 1296 911 omnia
1327 874 1370 910 et
1403 867 1579 923 singula
1615 867 1744 922 plene
1780 866 1964 922 pacifice
1995 873 2038 909 et
2070 865 2260 909 fideliter

453 937 679 991 perpetuis
714 937 990 992 temporibus
1031 939 1310 981 obseruanda
1346 936 1521 980 dilectis
1557 942 1600 978 et
1637 936 1842 979 fidelibus
1877 935 2042 978 nostris
2078 933 2260 977 henrico

453 1007 506 1048 de
539 1007 744 1061 parciaco
776 1007 1108 1063 consanguineo
1141 1014 1293 1050 nostro
1325 1013 1368 1049 et
1401 1006 1632 1050 Willelmo
1663 1007 1716 1048 de
1749 1006 1792 1048 la
1824 1006 1993 1048 Soucht
2026 1019 2077 1047 ac
2106 1018 2257 1047 eorum

454 1077 580 1119 alteri
610 1079 665 1120 ad
692 1085 1023 1121 sacramentum
1051 1078 1094 1120 in
1123 1078 1320 1120 animam
1343 1083 1543 1119 nostram
1566 1075 1667 1119 inde
1690 1076 1979 1130 prestandum
2006 1088 2083 1129 per
2108 1073 2260 1117 literas

453 1155 631 1191 nostras
672 1155 878 1203 patentes
915 1149 1093 1204 plenam
1132 1148 1336 1191 dedimus
1372 1153 1642 1202 potestatem
1677 1160 1729 1188 ae
1763 1145 2026 1187 mandatum
2068 1142 2261 1198 speciale

455 1219 625 1261 Datum
648 1220 765 1274 apud
788 1218 1027 1262 Abriacum
1058 1218 1200 1274 primo
1223 1218 1293 1262 die
1315 1216 1484 1261 mensis
1513 1215 1666 1271 marcij
1691 1217 1821 1259 Anno
1849 1214 1991 1271 gratie
2020 1213 2258 1257 millesimo

454 1287 759 1331 tricentesimo
779 1287 993 1331 vicesimo
1015 1295 1176 1332 octauo

1320 1472 1400 1515 IV.

455 1556 586 1611 Copia
621 1556 734 1598 litere
764 1557 893 1611 Regia
928 1557 975 1598 de
1010 1555 1299 1611 Redemptione
1335 1555 1527 1598 Custume
1563 1553 1676 1596 Salis
1707 1557 1743 1595 et
1776 1552 1950 1609 pellium
1985 1565 2158 1594 concesse
2185 1555 2262 1607 per
2299 1562 2302 1567 ·

830 1627 855 1667 I
859 1626 1166 1668 llustrissimmn
1187 1625 1416 1681 principem
1437 1625 1462 1666 I
1464 1624 1634 1666 acobum
1656 1623 1889 1666 Secundum

525 1707 773 1750 ACOBUS
791 1706 859 1749 dei
881 1707 1025 1762 gratia
1050 1708 1145 1748 Rex
1167 1713 1392 1749 scotorum
1417 1706 1637 1749 Omnibus
1665 1704 1814 1760 probis
1836 1703 2092 1747 hominibus
2119 1702 2264 1746 tocius

582 1781 696 1818 terre
725 1790 802 1818 sue
832 1775 1004 1818 clericis
1025 1782 1068 1818 et
1091 1775 1217 1818 laicis
1246 1776 1438 1818 salutern
1472 1775 1636 1818 Sciatis
1658 1789 1739 1818 nos
1771 1789 1849 1830 pro
1879 1773 2091 1830 singulari
2112 1773 2264 1816 fauore

457 1859 587 1899 quem
614 1844 810 1901 gerimus
836 1859 940 1900 erga
965 1845 1152 1888 dilectos
1181 1852 1358 1888 nostros
1387 1851 1657 1888 mercatores
1682 1845 1925 1899 burgenses
1950 1849 1993 1886 et
2019 1841 2264 1886 eommuni-

456 1922 596 1958 tatem
634 1915 760 1971 burgi
797 1915 937 1958 nostri
978 1917 1032 1958 de
1068 1916 1286 1958 aberdene
1322 1921 1365 1958 et
1402 1929 1481 1970 pro
1518 1914 1612 1957 suis
1647 1913 1855 1970 gratuitis
1896 1912 2096 1956 seruiciis
2136 1911 2265 1956 nobis

457 1986 676 2028 hactenus
719 1984 1025 2040 multipliciter
1067 1984 1282 2040 impensis
1325 1984 1500 2028 dedisse
1542 1984 1818 2028 concessisse
1858 1989 1902 2026 et
1943 1983 2028 2026 hac
2070 1979 2264 2038 presenti

457 2062 581 2099 carta
610 2061 763 2099 nostra
794 2056 1083 2099 confirmasse
1115 2070 1192 2111 pro
1224 2055 1352 2099 nobis
1383 2054 1635 2110 nostrisque
1666 2053 1902 2098 heredibus
1930 2059 1973 2096 et
2001 2051 2266 2096 successori-

459 2128 541 2169 bus
569 2140 647 2181 pro
678 2132 891 2181 perpetuo
923 2126 1105 2181 prefatis
1137 2125 1431 2181 burgensibus
1462 2132 1505 2168 et
1538 2123 1851 2169 communitati
1883 2122 2009 2178 burgi
2040 2121 2180 2165 nostri
2212 2122 2267 2164 de

460 2197 677 2239 aberdene
717 2210 958 2251 eorumque
999 2196 1235 2240 heredibus
1276 2203 1319 2239 et
1361 2195 1693 2239 successoribus
1733 2193 2028 2249 burgensibus
2067 2191 2266 2235 eiusdem

459 2265 585 2320 burgi
610 2271 657 2308 vt
684 2265 768 2320 ipsi
800 2265 1026 2320 perpetuis
1055 2265 1217 2308 futuris
1247 2265 1523 2320 temporibus
1552 2264 1675 2308 liberi
1707 2261 1900 2307 absoluti
1932 2268 1975 2305 et
2007 2260 2145 2316 quieti
2177 2260 2267 2304 sint

460 2336 514 2378 ab
546 2333 667 2377 omni
705 2334 926 2377 solutione
961 2342 1166 2378 custume
1203 2335 1310 2378 salis
1346 2341 1389 2378 et
1427 2334 1610 2390 pellium
1647 2333 1997 2388 subscriptarum
2029 2329 2268 2386 volgariter

459 2403 679 2446 dictarum
728 2403 966 2459 skorlingis
1011 2404 1258 2459 skaldingis
1302 2404 1470 2447 futefell
1517 2401 1774 2446 lentrinwar
1814 2399 2127 2459 ,lambskynnis
2171 2400 2266 2442 tod-

460 2473 658 2528 skynnys
698 2473 985 2529 calfskynnys
1026 2474 1405 2529 cunyngskynnys
1445 2472 1752 2528 ottirskynnys
1792 2477 1836 2513 et
1871 2469 2267 2524 foumartskynnys

461 2543 520 2585 Et
563 2549 833 2585 mercatores
868 2556 920 2585 ac
957 2544 1200 2598 burgenses
1240 2544 1294 2586 de
1330 2543 1548 2587 aberdene
1588 2554 1829 2595 eorumque
1865 2540 2050 2582 heredes
2086 2544 2130 2582 et
2168 2551 2266 2582 suc-

459 2626 658 2654 cessores
699 2611 805 2655 dicti
848 2611 972 2667 burgi
1015 2613 1258 2667 burgenses
1299 2613 1353 2655 de
1395 2610 1627 2655 Solutione
1674 2610 1791 2653 dicte
1833 2615 2039 2652 custume
2074 2606 2182 2651 salis
2222 2612 2266 2649 et

460 2682 641 2736 pellium
675 2681 974 2736 predictarum
1007 2681 1283 2725 absoluimus
1315 2695 1608 2725 exoneramus
1635 2686 1679 2723 et
1709 2678 1876 2735 quittos
1907 2678 2158 2722 clamamus
2189 2690 2267 2732 pro

459 2752 586 2795 nobis
617 2758 660 2795 et
692 2752 856 2794 nostris
892 2752 1224 2796 successoribus
1260 2767 1338 2808 pro
1371 2758 1584 2808 perpetuo
1619 2752 1825 2793 Preterea
1857 2749 2064 2792 volumus
2100 2761 2152 2791 ac
2187 2760 2266 2802 pro

459 2821 586 2864 nobis
619 2828 663 2864 et
697 2821 863 2864 nostris
894 2822 1227 2866 successoribus
1264 2821 1551 2865 concedimus
1583 2819 1716 2864 dietis
1749 2818 2043 2875 burgensibus
2073 2823 2117 2860 et
2148 2830 2266 2859 com-

460 2891 667 2934 munitati
705 2893 758 2934 de
790 2893 1008 2935 aberdene
1051 2892 1234 2936 liberam
1279 2898 1549 2947 potestatem
1587 2897 1720 2945 atque
1753 2890 2013 2933 facultatem
2046 2884 2265 2930 vendendi
