2524 3418
156 1012 298 1044 Rentale

157 1056 271 1087 altaris
291 1056 405 1097 Sanctj

156 1100 298 1140 stephan
300 1100 312 1141 j

162 1951 292 1986 f01.37¹

444 338 495 378 Q:
866 317 1076 360 Fundatio
1107 316 1252 358 altaris
1285 316 1430 358 Sancti
1461 316 1626 357 Andrec
1657 316 1844 371 Apostoli

444 437 607 481 balliuo
633 434 858 479 antedicto
881 448 931 476 ac
954 434 1107 475 datore
1134 430 1296 473 saisine
1320 444 1567 472 annuorum
1598 430 1870 472 Reddituum
1899 430 2242 486 prescriptorum

444 509 620 550 Thoma
652 505 846 549 branche
874 503 1073 545 Iohanne
1106 500 1333 555 balcromy
1354 499 1603 542 Alexandro
1634 499 1772 542 fraser
1803 499 1847 541 in
1879 500 2006 554 futhy
2030 500 2245 555 phillippo

446 576 643 620 dunbrek
677 580 719 616 et
756 573 955 615 Iohanne
988 572 1132 614 Waus
1167 569 1337 612 seniore
1370 570 1541 612 duobus
1579 569 1883 611 seriandorum
1919 583 2019 611 cum
2057 569 2244 612 diuersis

448 646 546 690 aliis
1714 633 1716 636 ’

563 717 748 758 Summa
771 711 902 754 huius
924 710 1009 765 xlvj
1029 725 1048 751 s
1074 709 1146 764 viij
1165 710 1191 751 d

1308 881 1388 922 LI.

462 1005 556 1109 IN
592 1001 747 1058 primis
777 1014 865 1044 vna
895 1006 1012 1043 terra
1046 1000 1205 1042 Iacens
1236 998 1281 1041 In
1312 997 1410 1041 vico
1440 998 1663 1040 furcarum
1695 998 1880 1041 fundata
1914 1012 1991 1053 per
2021 999 2246 1053 quondam

576 1072 844 1126 stephanum
863 1071 916 1112 de
934 1069 1101 1113 balroin
1122 1069 1164 1111 xl
1180 1084 1200 1111 8
1224 1070 1283 1111 Et
1302 1070 1354 1111 de
1374 1068 1462 1111 alia
1483 1075 1601 1111 terra
1617 1068 1658 1123 vj
1680 1067 1842 1110 merkis
1861 1082 1944 1123 que
1967 1074 2033 1110 est
2051 1068 2249 1111 totaliter

448 1150 575 1187 vasta
609 1144 724 1184 Item
757 1142 809 1184 de
841 1147 958 1183 terra
989 1146 1118 1182 vasta
1149 1140 1373 1194 quondam
1408 1138 1630 1193 Ingeramj
1665 1139 1940 1180 bannerman
1972 1137 2016 1178 in
2047 1137 2144 1192 futy
2167 1137 2208 1192 vj
2227 1152 2248 1179 8

447 1214 521 1268 viij
551 1215 577 1256 d
606 1214 720 1255 Item
753 1212 806 1254 de
838 1218 955 1253 terra
989 1209 1171 1265 Robertj
1206 1223 1385 1264 murray
1406 1209 1450 1250 in
1472 1208 1569 1251 vico
1597 1209 1820 1251 furcarum
1853 1207 1926 1262 xiij
1953 1222 1973 1249 8
1995 1206 2056 1262 iiij
2081 1208 2108 1250 d
2132 1208 2247 1249 Item

450 1285 502 1326 de
531 1290 650 1325 terra
673 1282 896 1337 quondam
920 1280 1138 1324 Willelmi
1170 1294 1279 1335 nory
1301 1279 1479 1334 penitus
1499 1285 1627 1321 vasta
1649 1278 1689 1332 vj
1708 1292 1728 1320 s
1749 1277 1822 1333 viij
1848 1279 1874 1320 d
1899 1279 2014 1320 Item
2047 1278 2099 1320 de
2131 1283 2249 1319 terra

451 1352 674 1407 quondam
695 1350 862 1405 mathej
882 1349 1060 1393 Wricht
1079 1349 1123 1392 in
1141 1350 1181 1392 le
1198 1355 1392 1404 gastraw
1407 1348 1481 1403 xiij
1500 1363 1520 1390 8
1542 1347 1602 1402 iiij
1621 1349 1647 1390 d
1672 1349 1787 1390 Item
1806 1348 1858 1390 de
1876 1347 2015 1390 crofto
2031 1346 2250 1390 Willelmi

451 1436 629 1476 murray
651 1420 678 1475 ij
705 1435 725 1462 s

567 1492 755 1534 Summa
776 1490 909 1532 huius
926 1504 952 1531 x
970 1488 1130 1531 mercis
1152 1488 1252 1531 inde
1275 1488 1496 1543 integrum
1519 1493 1825 1530 tenementum
1848 1487 1996 1529 deficit
2014 1488 2069 1529 ad
2086 1492 2251 1529 terram

451 1559 746 1616 prosternitur
776 1565 819 1601 et
848 1565 1025 1601 vastum
1058 1566 1124 1599 est
1148 1559 1203 1599 ad
1224 1558 1419 1599 valorem
1449 1556 1490 1611 vj
1526 1556 1690 1599 merkis
1723 1557 1782 1599 Et
1817 1558 1869 1598 In
1900 1557 1997 1611 futy
2023 1556 2065 1612 vj
2083 1571 2104 1598 s
2131 1556 2205 1611 viij
2225 1557 2252 1598 d

452 1636 630 1673 vastum
653 1635 696 1672 et
719 1630 772 1671 de
793 1635 910 1671 terra
932 1627 1151 1672 Willelmi
1173 1642 1282 1682 nory
1303 1627 1343 1682 vj
1363 1642 1384 1668 s
1405 1626 1478 1682 viij
1503 1627 1530 1669 d
1551 1632 1730 1670 vastum

1303 1837 1410 1879 LII.

875 1929 1088 1972 Fundatio
1115 1929 1261 1972 altaris
1293 1930 1439 1973 Sancti
1465 1930 1631 1972 Andree
1658 1921 1847 1986 Apostoli

587 2024 835 2067 MNIBUS
857 2023 973 2066 hanc
991 2025 1175 2067 Cartam
1190 2023 1351 2066 visuris
1373 2024 1443 2066 uel
1466 2023 1684 2066 audituris
1708 2024 1936 2066 Recardus
1958 2025 2011 2066 de
2028 2024 2257 2067 ruderfurd

643 2093 876 2149 burgensis
917 2093 1043 2148 burgi
1085 2095 1138 2136 de
1180 2093 1361 2137 abirden
1404 2094 1594 2137 salutern
1637 2094 1681 2135 in
1723 2093 1902 2136 domino
1940 2094 2257 2149 sempiternam

461 2164 624 2207 Sciatis
674 2178 745 2207 me
795 2163 945 2206 diuine
991 2162 1191 2206 caritatis
1242 2163 1407 2206 intuitu
1453 2170 1496 2206 et
1547 2178 1626 2218 pro
1677 2163 1821 2206 salute
1871 2163 2019 2206 anime
2069 2178 2166 2206 mee
2216 2170 2259 2206 et

461 2234 648 2277 mariote
680 2247 841 2288 sponse
873 2247 970 2275 mee
1002 2238 1236 2287 parentum
1269 2239 1312 2275 et
1342 2238 1675 2275 antecessorum
1708 2247 1760 2275 ac
1792 2232 1981 2287 prolium
2014 2238 2057 2275 et
2087 2247 2260 2275 succes-

462 2319 611 2347 sorum
634 2310 887 2347 nostrorum
910 2310 953 2346 et
976 2303 1175 2346 omnium
1208 2303 1405 2346 fidelium
1439 2304 1747 2346 defunctorum
1781 2302 1953 2345 dedisse
1986 2303 2260 2346 concessisse

462 2389 514 2418 ac
560 2374 754 2430 presenti
799 2380 922 2417 carta
969 2389 1069 2416 mea
1115 2374 1369 2429 assignasse
1418 2375 1515 2416 Deo
1562 2379 1605 2416 et
1652 2374 1779 2416 beate
1823 2372 1961 2415 marie
2002 2372 2163 2428 virgini
2209 2387 2261 2416 ac

463 2444 670 2487 omnibus
701 2443 869 2487 sanctis
901 2449 943 2486 et
976 2442 1228 2498 specialiter
1259 2444 1388 2486 beato
1411 2444 1573 2486 andree
1595 2442 1798 2497 apostolo
1819 2443 1874 2484 ad
1901 2442 2041 2484 altare
2063 2441 2261 2484 eiusdem

465 2513 633 2556 cituato
673 2513 718 2555 in
760 2513 948 2555 ecclesia
979 2513 1223 2568 parochiali
1256 2513 1373 2556 beati
1405 2512 1629 2568 nycholaii
1661 2510 1786 2566 burgi
1818 2511 2003 2566 predicti
2035 2525 2087 2554 ac
2119 2510 2263 2566 capel-

465 2583 567 2626 lano
599 2582 761 2625 ibidem
794 2582 945 2625 diuina
977 2582 1209 2626 celibranti
1231 2589 1274 2625 et
1301 2588 1513 2638 perpetuo
1536 2581 1800 2625 celibraturo
1822 2595 1977 2623 omnes
1999 2586 2042 2622 et
2064 2579 2264 2635 singulos

466 2667 639 2696 annuos
659 2651 858 2695 redditus
879 2652 1007 2695 inffra
1029 2652 1219 2708 scriptos
1239 2652 1444 2695 videlicet
1469 2666 1605 2694 vnum
1635 2664 1832 2694 annuum
1865 2649 2086 2693 redditum
2107 2649 2264 2705 viginti

467 2722 708 2764 solidorum
750 2722 989 2764 leuandum
1032 2723 1264 2766 annuatim
1306 2724 1360 2766 de
1400 2723 1591 2777 quadam
1633 2727 1749 2764 terra
1790 2735 1889 2763 mea
1933 2721 2112 2763 Iacente
2152 2719 2265 2763 infra

467 2795 655 2848 burgum
688 2793 936 2848 predictum
959 2793 1003 2835 in
1024 2793 1121 2836 vico
1147 2808 1232 2849 quo
1263 2795 1360 2837 Itur
1383 2808 1538 2836 versus
1566 2794 1747 2836 domum
1772 2792 1958 2835 fratrum
1984 2792 2112 2834 beate
2143 2789 2265 2832 trini-

468 2862 576 2905 tatis
598 2862 795 2905 eiusdem
818 2862 942 2918 burgj
968 2877 1020 2905 ex
1041 2869 1167 2918 parte
1189 2863 1354 2907 boreali
1376 2862 1573 2905 eiusdem
1596 2861 1711 2904 inter
1730 2868 1895 2904 terram
1916 2859 2115 2902 vilhelmi
2135 2865 2265 2902 vocat

471 2946 523 2973 ex
555 2938 678 2987 parte
711 2932 914 2975 orientali
937 2947 989 2974 ex
1009 2947 1096 2977 vna
1119 2939 1160 2975 et
1187 2939 1350 2977 terram
1383 2932 1550 2976 domini
1572 2931 1771 2975 vilhelmi
1805 2931 1938 2974 Roiss
1970 2929 2188 2986 capellani
2214 2944 2267 2972 ex
