2524 3418
205 1827 262 1859 sol.
282 1825 341 1860 12¹

488 332 543 373 24
1264 315 1517 367 Fragmenta

493 435 710 479 carissimi
734 443 775 478 et
801 433 1034 477 Elizabeth
1058 433 1110 474 de
1137 429 1338 484 Douglas
1359 427 1508 471 uxoris
1530 441 1608 470 sue
1630 426 1806 482 nepotis
1826 439 2038 481 germane
2059 426 2288 470 carissime

496 506 645 548 Iacobi
677 511 901 547 scotorum
937 502 1072 555 Regis
1104 499 1233 556 primi
1268 498 1504 552 Iacobique
1537 498 1760 552 quondam
1792 496 1960 540 domini
1989 498 2043 540 de
2069 497 2215 540 sorbes
2246 504 2288 540 et

494 576 642 620 anime
664 590 761 617 mee
783 582 825 617 et
849 572 1006 615 matris
1029 585 1124 613 mee
1147 569 1377 612 carissime
1410 567 1698 622 omniumque
1724 566 2004 609 dominorum
2027 565 2211 608 dominii
2237 567 2290 608 de

494 646 638 687 sorbes
660 653 701 687 et
725 656 1031 686 successorum
1050 641 1290 683 eorundem
1309 638 1575 693 cognomina
1593 637 1856 692 sanguinem
1874 643 1916 679 et
1934 642 2214 692 parentetam
2237 638 2290 679 de

494 715 639 757 sorbes
661 714 926 757 habencium
950 719 992 754 et
1015 711 1214 753 omnium
1241 709 1438 752 fidelium
1462 708 1771 751 defunctorum
1797 707 1971 750 dedisse
2002 707 2292 749 confirmasse

495 794 537 828 et
572 787 655 827 hac
689 782 881 839 presenti
917 789 1041 824 carta
1075 795 1175 823 mea
1209 780 1536 835 imperpetuum
1572 777 1826 832 assignasse
1862 779 1958 820 Deo
1992 778 2121 820 beate
2154 777 2292 820 marie

497 855 749 906 Sanctoque
781 851 968 894 Iohanni
999 850 1191 905 baptiste
1225 857 1267 892 et
1302 848 1509 892 omnibus
1543 847 1756 904 superiori
1779 855 1821 890 et
1844 847 2083 890 conventui
2104 847 2291 890 fratrum

495 922 660 965 ordinis
682 921 1006 976 predicatorum
1031 920 1155 974 burgi
1179 921 1231 962 de
1254 920 1473 962 aberdene
1502 925 1544 961 et
1576 918 1668 961 suis
1697 918 2028 961 successoribus
2052 917 2294 972 assignatis

495 993 606 1036 meis
647 992 690 1033 in
733 1005 887 1046 puram
926 998 968 1032 et
1011 997 1270 1046 perpetuam
1309 988 1588 1031 elimosinam
1627 989 1777 1031 Vnum
1815 1002 2014 1031 annuum
2051 987 2293 1030 Redditum

496 1066 648 1106 decem
682 1062 893 1104 librarum
927 1060 1095 1103 vsualis
1129 1067 1306 1102 monete
1342 1059 1485 1114 Regni
1521 1066 1614 1102 scot
1687 1091 1694 1100 .
1760 1091 1768 1100 .
1833 1091 1842 1100 .
1907 1091 1915 1100 .
1978 1057 2218 1100 leuandum
2251 1062 2294 1100 et

495 1131 826 1187 percipiendum
851 1132 904 1173 de
926 1130 1055 1173 terris
1077 1137 1120 1173 et
1142 1129 1290 1186 fynnis
1312 1131 1365 1173 de
1386 1129 1484 1172 futh
1551 1159 2295 1171 ...........

963 1228 2294 1242 ιιιιιιιιιιιιιιιιιιι

970 1424 1069 1464 Duo
1098 1422 1339 1464 intermedia
1359 1421 1469 1478 folia
1496 1421 1662 1464 omnino
1691 1420 1830 1462 desunt

1387 1631 1426 1674 C

1089 1723 1269 1766 Initium
1297 1724 1417 1767 huius
1445 1729 1580 1767 cartae
1607 1725 1710 1766 deest

502 1824 545 1862 et
569 1816 758 1872 singulis
779 1815 1059 1859 libertatibus
1081 1830 1180 1859 com

501 1901 692 1942 cumque
714 1887 769 1929 ad
792 1886 936 1929 dictos
961 1900 1134 1929 annuos
1192 1915 2301 1930 ................

502 1957 546 2000 in
568 1957 767 2000 futurum
791 1956 885 1999 sine
908 1956 1057 2011 aliqua
1116 1985 2302 2001 .................

503 2040 704 2069 meorum
728 2039 806 2068 seu
830 2025 1161 2081 assignatorum
1191 2055 2301 2071 ................

505 2095 798 2151 quouismodo
819 2095 1071 2139 faciendum
1095 2097 1139 2139 in
1193 2125 2302 2141 ................

503 2165 634 2208 fuerit
656 2179 734 2220 pro
757 2165 901 2208 salute
923 2180 980 2208 an

503 2249 602 2278 rum
625 2249 704 2290 pro
726 2235 857 2279 dictis
878 2235 1035 2291 viginti

504 2303 907 2348 anniversariorum
930 2320 1030 2349 meo
1122 2338 2303 2351 .................

505 2387 564 2417 na
585 2387 662 2429 per
681 2373 845 2417 festum
901 2408 2304 2421 ....................

507 2443 673 2486 Sciatis
695 2443 959 2499 magistrum
982 2446 1026 2489 in
1050 2447 1109 2490 hu

507 2527 604 2556 rum
628 2527 878 2557 annuorum

508 2597 633 2626 orum
661 2590 851 2638 quatuor

509 2652 640 2695 lanus
662 2652 765 2696 bina
786 2653 882 2697 vice
974 2688 2306 2701 ...................

510 2722 744 2765 annuatim
771 2724 980 2778 aequales
1002 2731 1050 2768 ut
1073 2727 1128 2769 ad

511 2789 642 2833 dictis
663 2792 902 2836 celebrabit
926 2801 1002 2837 aut
1051 2827 2307 2840 ..................

513 2859 700 2915 propriis
721 2867 765 2904 et
787 2862 1039 2907 orationum
1063 2865 1230 2921 suffrag
1271 2897 2308 2910 ...............

514 2929 572 2973 tis
595 2930 676 2974 sibi
698 2931 941 2988 assignatis
980 2967 2308 2980 ...................

1044 2196 2302 2211 οοοοοοοοοοοοοοοοοο

1196 2478 2304 2491 ιιιιιιιιιιιιιιιι

1198 2758 2306 2770 ιιιιιιιιιιιιιιιι
