2524 3418
775 328 903 371 Carta
933 329 1094 370 domini
1124 328 1325 370 Iohannis
1357 328 1492 370 litstar
1962 342 2041 382 129

231 460 517 490 communem
539 445 658 488 viam
688 444 877 500 Regiam
899 458 1054 486 versus
1076 443 1284 486 occidens
1303 457 1441 486 vnum
1465 444 1676 486 Annuum
1702 443 1944 486 Redditum
1968 458 2045 486 sex

231 517 474 560 solidorum
497 516 614 560 dicte
645 522 823 558 monete
856 514 1091 558 annuatim
1124 514 1368 556 leuandum
1391 514 1444 556 de
1466 513 1575 556 totis
1597 519 1640 556 et
1663 513 1848 568 integris
1870 514 2044 557 duabus

235 587 378 629 Rudis
411 586 505 628 siue
547 585 777 641 perticatis
813 591 1032 627 terrarum
1075 589 1118 626 et
1160 583 1346 626 edificiis
1382 584 1624 626 earundem
1661 582 1853 638 hugonis
1889 584 2043 626 ander-

232 670 339 699 sone
373 654 607 711 burgensis
643 654 750 698 dicti
787 653 914 708 burgi
946 654 999 696 de
1034 654 1281 707 Inueroury
1315 652 1576 696 Iacentibus
1611 652 1726 695 infra
1761 653 1953 695 eundem
1990 667 2043 696 ex

233 725 498 770 occidentali
532 730 659 781 parte
695 724 894 767 eiusdem
927 723 1044 765 inter
1075 728 1218 765 terras
1253 723 1438 766 Roberti
1480 724 1728 766 andersone
1766 722 1959 765 Iunioris
1990 737 2044 766 ex

231 795 417 839 australi
439 810 493 838 ex
513 809 601 838 vna
623 800 666 836 et
688 800 831 837 terras
848 792 1068 837 Willelmi
1093 792 1304 835 Blakhall
1327 794 1381 836 de
1403 794 1560 836 eodem
1583 808 1636 836 ex
1658 793 1825 837 boreali
1840 793 2043 849 partibus

232 868 287 909 ab
323 867 465 909 altera
501 879 787 908 communem
822 864 942 906 viam
982 863 1172 918 Regiam
1209 878 1365 906 versus
1401 863 1548 906 oriens
1583 870 1627 907 et
1663 871 1806 908 terras
1846 864 2042 920 supremi

231 935 400 978 domini
441 934 582 977 nostri
626 933 764 987 Regis
805 934 976 975 Versus
1017 932 1226 975 occidens
1272 933 1333 975 Et
1373 948 1511 976 vnum
1554 948 1753 977 annuum
1798 933 2041 977 Redditum

230 1004 435 1048 vndecim
462 1004 705 1046 solidorum
726 1003 896 1046 vsualis
922 1008 1101 1044 monete
1127 1002 1273 1045 scocie
1300 1003 1534 1046 annuatim
1561 1010 1798 1047 exeuntem
1824 1010 1868 1047 et
1890 1004 2042 1047 leuan-

231 1076 336 1117 dum
369 1075 422 1117 de
453 1074 589 1116 fundo
620 1072 766 1116 tocius
789 1079 832 1115 et
854 1072 1026 1127 integre
1057 1078 1173 1114 terre
1200 1073 1381 1115 donaldi
1410 1073 1692 1116 strathachin
1720 1075 1903 1117 Iacente
1928 1074 2042 1118 infra

230 1144 399 1187 dictum
422 1145 611 1198 burgum
635 1145 689 1186 de
710 1144 943 1186 Aberdene
968 1142 1014 1184 in
1035 1142 1134 1185 vico
1162 1142 1387 1197 superiore
1409 1144 1597 1186 ecclesie
1623 1159 1676 1187 ex
1704 1145 1890 1188 australi
1916 1152 2042 1201 parte

230 1214 429 1256 eiusdem
451 1213 537 1255 vici
559 1213 676 1255 inter
700 1218 866 1254 terram
890 1213 1116 1267 quondam
1138 1211 1358 1255 Willelmi
1381 1226 1492 1267 nory
1513 1227 1565 1254 ex
1587 1213 1792 1256 orientali
1815 1229 1868 1257 ex
1888 1229 1976 1258 vna
1998 1222 2040 1259 et

228 1291 394 1326 terram
417 1284 592 1325 Andree
615 1282 890 1325 michelsone
913 1297 966 1324 ex
988 1282 1255 1324 occidentali
1277 1282 1479 1337 partibus
1502 1284 1557 1325 ab
1580 1283 1721 1326 altera
1743 1285 2040 1328 Communem

228 1354 347 1397 viam
368 1354 557 1409 Regiam
574 1368 730 1396 versus
752 1354 932 1396 boream
956 1359 999 1394 et
1021 1358 1266 1394 torrentem
1288 1367 1444 1395 versus
1466 1359 1668 1396 austrum
1691 1354 2042 1400 TENENDOS

230 1424 314 1467 ET
351 1425 702 1467 HABENDOS
737 1429 859 1466 totos
894 1428 938 1465 et
975 1422 1173 1477 integros
1210 1437 1384 1465 annuos
1423 1424 1644 1466 Redditus
1679 1424 1903 1479 predictos
1939 1440 2041 1469 curn

229 1493 518 1549 pertinenciis
539 1493 724 1549 prefatis
746 1499 901 1536 curato
924 1498 968 1535 et
990 1492 1236 1547 capellanis
1262 1507 1314 1535 ac
1337 1492 1430 1535 suis
1453 1493 1787 1538 successoribus
1809 1495 1977 1538 curatis
1998 1503 2041 1540 et

229 1562 475 1620 capellanis
497 1562 604 1606 dicti
627 1562 751 1605 chori
783 1577 809 1606 a
840 1577 912 1605 me
944 1568 988 1605 et
1019 1562 1257 1606 heredibus
1279 1563 1392 1606 meis
1425 1565 1478 1606 In
1511 1578 1670 1619 puram
1704 1571 1747 1608 et
1778 1573 2041 1622 perpetuam

230 1634 530 1677 Elimosinam
549 1635 888 1688 Imperpetuum
907 1634 1022 1677 Cum
1045 1633 1167 1676 omni
1187 1635 1289 1676 Iure
1311 1639 1354 1677 et
1378 1633 1495 1677 Iuris
1512 1635 1685 1678 clameo
1699 1636 1764 1679 Ac
1781 1650 1883 1679 cum
1902 1637 2042 1680 omni-

228 1706 311 1747 bus
332 1709 376 1746 et
399 1702 587 1758 singulis
609 1703 892 1746 libertatibus
918 1703 1316 1747 commoditatibus
1341 1709 1385 1746 et
1412 1703 1676 1748 asiamentis
1704 1720 1757 1749 ac
1785 1706 1924 1749 Iustis
1950 1707 2043 1751 suis

228 1773 517 1829 pertinenciis
545 1773 884 1829 quibuscunque
912 1775 968 1817 ad
997 1773 1141 1816 dictos
1170 1788 1345 1817 annuos
1376 1775 1597 1818 Redditus
1623 1790 1725 1819 cum
1755 1776 2044 1831 pertinenciis

229 1844 538 1899 spectantibus
567 1858 645 1886 seu
671 1843 788 1886 iuste
815 1850 1018 1899 spectare
1036 1843 1294 1887 valentibus
1327 1845 1659 1900 quomodolibet
1686 1845 1731 1889 in
1756 1846 1955 1890 futurum
1977 1849 2042 1891 Ac

229 1914 496 1970 capiendum
534 1914 768 1958 annuatim
801 1920 844 1957 et
876 1915 1119 1957 leuandum
1153 1916 1207 1958 de
1238 1914 1347 1958 totis
1379 1921 1422 1958 et
1454 1915 1640 1971 integris
1671 1917 1801 1960 terris
1832 1918 2045 1973 predictis

231 1999 332 2027 curn
351 1983 444 2027 suis
458 1983 746 2039 pertinenciis
763 1985 819 2027 ad
834 1985 946 2027 duos
963 1985 1068 2040 annj
1088 1985 1305 2028 terminos
1317 1984 1497 2029 vsuales
1511 1986 1820 2042 penthicostes
1835 1988 2042 2033 videlieet

228 2060 272 2097 et
295 2053 441 2097 sancti
463 2053 644 2110 martinj
668 2053 714 2096 in
736 2054 883 2097 hieme
905 2069 984 2110 per
1004 2055 1187 2110 equales
1203 2055 1437 2110 porciones
1453 2057 1517 2099 Ac
1535 2071 1638 2100 cum
1659 2057 1798 2101 libera
1819 2065 2043 2114 potestate

228 2123 485 2167 huiusmodi
515 2130 658 2167 terras
691 2130 734 2167 et
766 2124 1073 2169 inhabitantes
1105 2127 1285 2169 easdem
1319 2140 1371 2169 ac
1403 2141 1485 2170 sua
1516 2128 1633 2171 bona
1665 2130 1721 2172 ad
1753 2144 1915 2173 manus
1946 2145 2043 2186 pro-

228 2208 358 2249 preas
379 2208 459 2249 pro
481 2193 614 2237 dictis
635 2194 797 2237 annuis
817 2194 1064 2238 redditibus
1085 2195 1182 2238 sine
1204 2210 1469 2252 quocunque
1493 2197 1610 2240 Iuris
1631 2197 1836 2242 ministro
1858 2213 2043 2243 namare

228 2271 271 2307 et
294 2265 537 2320 distingere
565 2264 738 2308 tociens
769 2265 983 2321 quociens
1015 2280 1127 2321 opus
1157 2266 1288 2309 fuerit
1319 2267 1443 2310 Adeo
1474 2267 1610 2311 libere
1641 2268 1840 2324 plenarie
1871 2269 2042 2326 integre

230 2335 472 2377 honorifice
494 2336 606 2378 bene
628 2341 672 2378 et
694 2335 739 2377 in
761 2350 871 2391 pace
894 2335 938 2378 in
962 2336 1170 2379 omnibus
1196 2343 1239 2379 et
1265 2351 1344 2392 per
1365 2337 1516 2381 omnia
1543 2338 1659 2382 sicut
1681 2339 1843 2396 aliquis
1865 2355 2042 2384 annuus

233 2405 453 2447 Redditus
481 2405 667 2448 ecclesie
695 2405 809 2448 infra
841 2420 1029 2461 regnum
1059 2405 1204 2449 scocie
1230 2408 1363 2450 datur
1393 2408 1653 2452 conceditur
1684 2416 1760 2452 aut
1789 2411 2044 2465 possidetur

232 2473 327 2516 sine
362 2475 668 2518 Reuocatione
699 2475 1041 2519 Reclamatione
1076 2482 1152 2519 aut
1187 2477 1540 2521 contradictione
1572 2479 1766 2534 Aliquali
1798 2480 1885 2523 mei
1917 2481 2041 2524 here-

231 2543 336 2585 dum
363 2557 564 2586 meorum
587 2550 664 2587 aut
686 2544 875 2588 aliorum
898 2560 1266 2601 quorumcunque
1289 2548 1725 2592 CELEBRANDO
1751 2550 1911 2592 INDE
1934 2550 2041 2593 dicti

231 2617 415 2654 curatus
451 2618 494 2655 et
531 2615 750 2670 capellani
787 2630 839 2659 ac
876 2615 945 2659 sui
982 2631 1264 2660 successores
1301 2618 1499 2672 qualibet
1540 2619 1610 2662 die
1652 2625 1811 2675 quarta
1852 2619 2041 2676 singulis

230 2682 373 2724 Annis
393 2696 527 2726 Vnam
560 2684 745 2728 missam
778 2686 832 2728 de
863 2686 1057 2741 quinque
1084 2686 1343 2730 vulneribus
1374 2688 1543 2731 domini
1574 2689 1716 2731 nostri
1750 2689 1885 2732 Ihesu
1918 2690 2040 2734 cristi
2072 2701 2208 2736 f01.522

231 2753 286 2795 ad
325 2751 464 2795 altare
503 2754 643 2796 Beate
680 2754 818 2797 marie
855 2755 968 2799 infra
1006 2757 1193 2799 eandem
1236 2756 1453 2800 situatum
1490 2759 1554 2800 Ac
1592 2758 1857 2802 celebrando
1887 2758 1932 2801 in
1969 2759 2040 2803 die

230 2821 378 2864 obitus
411 2821 498 2864 mei
530 2823 673 2865 decim
707 2824 868 2868 missas
900 2826 1100 2881 priuatas
1132 2841 1210 2882 pro
1243 2826 1388 2870 salute
1420 2827 1568 2871 anime
1601 2843 1698 2872 mee
1720 2834 1763 2871 et
1786 2828 2037 2873 animarum

230 2891 528 2946 predictarum
570 2894 634 2937 Ac
677 2895 901 2938 Collector
934 2896 1156 2951 generalis
1192 2899 1433 2940 eorundem
1469 2897 1693 2941 Tabulam
1731 2913 1864 2954 super
1899 2900 2039 2942 moni-

230 2968 431 3004 mentum
463 2977 613 3006 meum
646 2964 809 3009 locabit
843 2968 1030 3010 eandem
1063 2968 1239 3010 decenti
1271 2968 1406 3022 pallio
1439 2968 1661 3023 cooperiet
1695 2968 1883 3024 singulis
1908 2971 2038 3013 annis

1110 3038 1138 3067 R
