<?xml version="1.0" encoding="UTF-8"?>
<!DOCTYPE html PUBLIC "-//W3C//DTD XHTML 1.0 Transitional//EN"
    "http://www.w3.org/TR/xhtml1/DTD/xhtml1-transitional.dtd">
<html xmlns="http://www.w3.org/1999/xhtml" xml:lang="en" lang="en">
 <head>
  <title>
</title>
<meta http-equiv="Content-Type" content="text/html;charset=utf-8" />
  <meta name='ocr-system' content='tesseract 3.04.00' />
  <meta name='ocr-capabilities' content='ocr_page ocr_carea ocr_par ocr_line ocrx_word'/>
</head>
<body>
  <div class='ocr_page' id='page_1' title='image "./cartulariumeccle01sainuoft_0051.png"; bbox 0 0 2524 3418; ppageno 0'>
   <div class='ocr_carea' id='block_1_1' title="bbox 659 246 1984 303">
    <p class='ocr_par' dir='ltr' id='par_1_1' title="bbox 659 246 1984 303">
     <span class='ocr_line' id='line_1_1' title="bbox 659 246 1984 303; baseline -0.002 -13"><span class='ocrx_word' id='word_1_1' title='bbox 659 247 786 291; x_wconf 70' lang='lat' dir='ltr'>Carta</span> <span class='ocrx_word' id='word_1_2' title='bbox 822 246 1036 290; x_wconf 70' lang='lat' dir='ltr'>Willzelmi</span> <span class='ocrx_word' id='word_1_3' title='bbox 1066 246 1242 289; x_wconf 70' lang='lat' dir='ltr'>Sclzerar</span> <span class='ocrx_word' id='word_1_4' title='bbox 1272 246 1475 303; x_wconf 69' lang='lat' dir='ltr'>Propositi</span> <span class='ocrx_word' id='word_1_5' title='bbox 1933 258 1984 301; x_wconf 84' lang='lat'>19</span> 
     </span>
    </p>
   </div>
   <div class='ocr_carea' id='block_1_2' title="bbox 538 435 1620 587">
    <p class='ocr_par' dir='ltr' id='par_1_2' title="bbox 538 435 1620 587">
     <span class='ocr_line' id='line_1_2' title="bbox 1058 435 1114 475; baseline 0 0"><span class='ocrx_word' id='word_1_6' title='bbox 1058 435 1114 475; x_wconf 91' lang='lat' dir='ltr'>X.</span> 
     </span>
     <span class='ocr_line' id='line_1_3' title="bbox 538 531 1620 587; baseline -0.003 -13"><span class='ocrx_word' id='word_1_7' title='bbox 538 532 779 575; x_wconf 80' lang='lat' dir='ltr'>Willzelmus</span> <span class='ocrx_word' id='word_1_8' title='bbox 801 531 978 574; x_wconf 75' lang='lat' dir='ltr'>Sclzemr</span> <span class='ocrx_word' id='word_1_9' title='bbox 998 531 1099 574; x_wconf 79' lang='lat' dir='ltr'>olim</span> <span class='ocrx_word' id='word_1_10' title='bbox 1112 531 1336 587; x_wconf 73' lang='lat' dir='ltr'><em>prepositus</em></span> <span class='ocrx_word' id='word_1_11' title='bbox 1359 531 1405 572; x_wconf 75' lang='lat' dir='ltr'>de</span> <span class='ocrx_word' id='word_1_12' title='bbox 1427 531 1620 572; x_wconf 67' lang='lat' dir='ltr'>(thordone</span> 
     </span>
    </p>
   </div>
   <div class='ocr_carea' id='block_1_3' title="bbox 166 630 1985 2936">
    <p class='ocr_par' dir='ltr' id='par_1_3' title="bbox 166 630 1985 2936">
     <span class='ocr_line' id='line_1_4' title="bbox 284 630 1981 676; baseline -0.001 -1"><span class='ocrx_word' id='word_1_13' title='bbox 284 633 587 676; x_wconf 89' lang='lat' dir='ltr'>NIUERSIS</span> <span class='ocrx_word' id='word_1_14' title='bbox 607 632 773 675; x_wconf 83' lang='lat' dir='ltr'>Christi</span> <span class='ocrx_word' id='word_1_15' title='bbox 791 632 996 675; x_wconf 90' lang='lat' dir='ltr'>fidelibus</span> <span class='ocrx_word' id='word_1_16' title='bbox 1016 633 1148 674; x_wconf 87' lang='lat' dir='ltr'>Hanc</span> <span class='ocrx_word' id='word_1_17' title='bbox 1167 638 1337 674; x_wconf 89' lang='lat' dir='ltr'>cartam</span> <span class='ocrx_word' id='word_1_18' title='bbox 1354 631 1529 674; x_wconf 90' lang='lat' dir='ltr'>Visuris</span> <span class='ocrx_word' id='word_1_19' title='bbox 1547 631 1617 674; x_wconf 89' lang='lat' dir='ltr'>uel</span> <span class='ocrx_word' id='word_1_20' title='bbox 1637 630 1854 674; x_wconf 82' lang='lat' dir='ltr'>audituris</span> <span class='ocrx_word' id='word_1_21' title='bbox 1869 632 1981 674; x_wconf 82' lang='lat' dir='ltr'>Wil-</span> 
     </span>
     <span class='ocr_line' id='line_1_5' title="bbox 339 699 1982 756; baseline 0 -13"><span class='ocrx_word' id='word_1_22' title='bbox 339 702 500 744; x_wconf 91' lang='lat' dir='ltr'>lelmus</span> <span class='ocrx_word' id='word_1_23' title='bbox 530 702 720 744; x_wconf 88' lang='lat' dir='ltr'>Scherar</span> <span class='ocrx_word' id='word_1_24' title='bbox 751 700 984 756; x_wconf 89' lang='lat' dir='ltr'>burgensis</span> <span class='ocrx_word' id='word_1_25' title='bbox 1016 701 1142 756; x_wconf 87' lang='lat' dir='ltr'>burgi</span> <span class='ocrx_word' id='word_1_26' title='bbox 1171 702 1224 743; x_wconf 90' lang='lat' dir='ltr'>de</span> <span class='ocrx_word' id='word_1_27' title='bbox 1256 702 1477 744; x_wconf 89' lang='lat' dir='ltr'>abrodene</span> <span class='ocrx_word' id='word_1_28' title='bbox 1510 700 1702 743; x_wconf 91' lang='lat' dir='ltr'>salutem</span> <span class='ocrx_word' id='word_1_29' title='bbox 1729 699 1774 742; x_wconf 92' lang='lat' dir='ltr'>in</span> <span class='ocrx_word' id='word_1_30' title='bbox 1801 700 1982 743; x_wconf 88' lang='lat' dir='ltr'>domino</span> 
     </span>
     <span class='ocr_line' id='line_1_6' title="bbox 172 769 1982 828; baseline -0.001 -14"><span class='ocrx_word' id='word_1_31' title='bbox 172 771 490 827; x_wconf 88' lang='lat' dir='ltr'>sempiternam</span> <span class='ocrx_word' id='word_1_32' title='bbox 514 771 630 828; x_wconf 85' lang='lat' dir='ltr'>Quia</span> <span class='ocrx_word' id='word_1_33' title='bbox 652 786 729 827; x_wconf 91' lang='lat' dir='ltr'>per</span> <span class='ocrx_word' id='word_1_34' title='bbox 751 773 937 814; x_wconf 93' lang='lat' dir='ltr'>deuotas</span> <span class='ocrx_word' id='word_1_35' title='bbox 964 771 1194 814; x_wconf 81' lang='lat' dir='ltr'>oraciones</span> <span class='ocrx_word' id='word_1_36' title='bbox 1217 785 1268 814; x_wconf 93' lang='lat' dir='ltr'>ac</span> <span class='ocrx_word' id='word_1_37' title='bbox 1292 771 1531 813; x_wconf 91' lang='lat' dir='ltr'>missarum</span> <span class='ocrx_word' id='word_1_38' title='bbox 1561 769 1889 813; x_wconf 89' lang='lat' dir='ltr'>celebraciones</span> <span class='ocrx_word' id='word_1_39' title='bbox 1909 770 1982 812; x_wconf 91' lang='lat' dir='ltr'>vbi</span> 
     </span>
     <span class='ocr_line' id='line_1_7' title="bbox 171 839 1984 896; baseline -0.001 -12"><span class='ocrx_word' id='word_1_40' title='bbox 171 841 366 885; x_wconf 91' lang='lat' dir='ltr'>christus</span> <span class='ocrx_word' id='word_1_41' title='bbox 388 840 457 884; x_wconf 91' lang='lat' dir='ltr'>dei</span> <span class='ocrx_word' id='word_1_42' title='bbox 479 841 597 884; x_wconf 89' lang='lat' dir='ltr'>filius</span> <span class='ocrx_word' id='word_1_43' title='bbox 629 856 707 896; x_wconf 93' lang='lat' dir='ltr'>pro</span> <span class='ocrx_word' id='word_1_44' title='bbox 738 840 937 896; x_wconf 90' lang='lat' dir='ltr'>peccatis</span> <span class='ocrx_word' id='word_1_45' title='bbox 969 840 1133 883; x_wconf 88' lang='lat' dir='ltr'>nostris</span> <span class='ocrx_word' id='word_1_46' title='bbox 1165 840 1280 896; x_wconf 88' lang='lat' dir='ltr'>patri</span> <span class='ocrx_word' id='word_1_47' title='bbox 1313 841 1495 883; x_wconf 87' lang='lat' dir='ltr'>offertur</span> <span class='ocrx_word' id='word_1_48' title='bbox 1526 839 1759 895; x_wconf 81' lang='lat' dir='ltr'><strong>presertim</strong></span> <span class='ocrx_word' id='word_1_49' title='bbox 1789 839 1984 882; x_wconf 89' lang='lat' dir='ltr'>creditur</span> 
     </span>
     <span class='ocr_line' id='line_1_8' title="bbox 170 910 1980 966; baseline -0.001 -12"><span class='ocrx_word' id='word_1_50' title='bbox 170 918 355 966; x_wconf 86' lang='lat' dir='ltr'>peccata</span> <span class='ocrx_word' id='word_1_51' title='bbox 397 910 561 954; x_wconf 91' lang='lat' dir='ltr'>dimitti</span> <span class='ocrx_word' id='word_1_52' title='bbox 603 910 936 966; x_wconf 88' lang='lat' dir='ltr'>purgatorijque</span> <span class='ocrx_word' id='word_1_53' title='bbox 977 925 1117 966; x_wconf 90' lang='lat' dir='ltr'>penas</span> <span class='ocrx_word' id='word_1_54' title='bbox 1159 910 1360 953; x_wconf 88' lang='lat' dir='ltr'>demoliri</span> <span class='ocrx_word' id='word_1_55' title='bbox 1397 917 1440 953; x_wconf 90' lang='lat' dir='ltr'>et</span> <span class='ocrx_word' id='word_1_56' title='bbox 1478 912 1533 953; x_wconf 88' lang='lat' dir='ltr'>ab</span> <span class='ocrx_word' id='word_1_57' title='bbox 1575 910 1629 952; x_wconf 91' lang='lat' dir='ltr'>iis</span> <span class='ocrx_word' id='word_1_58' title='bbox 1670 910 1980 953; x_wconf 88' lang='lat' dir='ltr'>defunctorum</span> 
     </span>
     <span class='ocr_line' id='line_1_9' title="bbox 170 979 1982 1036; baseline -0.001 -12"><span class='ocrx_word' id='word_1_59' title='bbox 170 981 345 1025; x_wconf 88' lang='lat' dir='ltr'>animas</span> <span class='ocrx_word' id='word_1_60' title='bbox 380 981 661 1036; x_wconf 83' lang='lat' dir='ltr'>frequencius</span> <span class='ocrx_word' id='word_1_61' title='bbox 697 981 872 1024; x_wconf 82' lang='lat' dir='ltr'>liberari</span> <span class='ocrx_word' id='word_1_62' title='bbox 905 995 956 1023; x_wconf 92' lang='grc'>36</span> <span class='ocrx_word' id='word_1_63' title='bbox 989 981 1033 1023; x_wconf 93' lang='lat' dir='ltr'>in</span> <span class='ocrx_word' id='word_1_64' title='bbox 1066 981 1260 1035; x_wconf 84' lang='lat' dir='ltr'>paradisi</span> <span class='ocrx_word' id='word_1_65' title='bbox 1297 980 1473 1036; x_wconf 90' lang='lat' dir='ltr'>gaudiis</span> <span class='ocrx_word' id='word_1_66' title='bbox 1510 979 1717 1023; x_wconf 90' lang='lat' dir='ltr'>collocari</span> <span class='ocrx_word' id='word_1_67' title='bbox 1756 980 1877 1023; x_wconf 91' lang='lat' dir='ltr'>Hinc</span> <span class='ocrx_word' id='word_1_68' title='bbox 1914 986 1982 1022; x_wconf 92' lang='lat' dir='ltr'>est</span> 
     </span>
     <span class='ocr_line' id='line_1_10' title="bbox 169 1049 1983 1106; baseline -0.001 -12"><span class='ocrx_word' id='word_1_69' title='bbox 169 1052 286 1106; x_wconf 89' lang='lat' dir='ltr'>quod</span> <span class='ocrx_word' id='word_1_70' title='bbox 318 1051 418 1106; x_wconf 89' lang='lat' dir='ltr'>Ego</span> <span class='ocrx_word' id='word_1_71' title='bbox 449 1050 709 1095; x_wconf 89' lang='lat' dir='ltr'>Willelmus</span> <span class='ocrx_word' id='word_1_72' title='bbox 742 1051 932 1093; x_wconf 89' lang='lat' dir='ltr'>Scherar</span> <span class='ocrx_word' id='word_1_73' title='bbox 963 1050 1189 1105; x_wconf 89' lang='lat' dir='ltr'>predictus</span> <span class='ocrx_word' id='word_1_74' title='bbox 1225 1050 1296 1105; x_wconf 91' lang='lat' dir='ltr'>pie</span> <span class='ocrx_word' id='word_1_75' title='bbox 1332 1049 1590 1093; x_wconf 89' lang='lat' dir='ltr'>deuocionis</span> <span class='ocrx_word' id='word_1_76' title='bbox 1626 1051 1786 1093; x_wconf 86' lang='lat' dir='ltr'>effectu</span> <span class='ocrx_word' id='word_1_77' title='bbox 1821 1051 1983 1093; x_wconf 89' lang='lat' dir='ltr'>ductus</span> 
     </span>
     <span class='ocr_line' id='line_1_11' title="bbox 169 1119 1982 1164; baseline -0.002 0"><span class='ocrx_word' id='word_1_78' title='bbox 169 1136 271 1164; x_wconf 93' lang='lat' dir='ltr'>cum</span> <span class='ocrx_word' id='word_1_79' title='bbox 318 1135 539 1164; x_wconf 89' lang='lat' dir='ltr'>consensu</span> <span class='ocrx_word' id='word_1_80' title='bbox 581 1127 624 1163; x_wconf 89' lang='lat' dir='ltr'>et</span> <span class='ocrx_word' id='word_1_81' title='bbox 666 1135 854 1163; x_wconf 90' lang='lat' dir='ltr'>assensu</span> <span class='ocrx_word' id='word_1_82' title='bbox 908 1120 1074 1163; x_wconf 92' lang='lat' dir='ltr'>Iabelle</span> <span class='ocrx_word' id='word_1_83' title='bbox 1115 1120 1261 1162; x_wconf 78' lang='lat' dir='ltr'>vxoris</span> <span class='ocrx_word' id='word_1_84' title='bbox 1309 1135 1405 1162; x_wconf 91' lang='lat' dir='ltr'>mee</span> <span class='ocrx_word' id='word_1_85' title='bbox 1458 1119 1687 1162; x_wconf 80' lang='lat' dir='ltr'>carissime</span> <span class='ocrx_word' id='word_1_86' title='bbox 1729 1119 1773 1162; x_wconf 92' lang='lat' dir='ltr'>in</span> <span class='ocrx_word' id='word_1_87' title='bbox 1816 1120 1982 1162; x_wconf 88' lang='lat' dir='ltr'>honore</span> 
     </span>
     <span class='ocr_line' id='line_1_12' title="bbox 169 1189 1983 1246; baseline -0.001 -12"><span class='ocrx_word' id='word_1_88' title='bbox 169 1197 324 1234; x_wconf 90' lang='lat' dir='ltr'>sancte</span> <span class='ocrx_word' id='word_1_89' title='bbox 350 1198 393 1234; x_wconf 92' lang='lat' dir='ltr'>et</span> <span class='ocrx_word' id='word_1_90' title='bbox 422 1191 658 1234; x_wconf 90' lang='lat' dir='ltr'>Indiuidue</span> <span class='ocrx_word' id='word_1_91' title='bbox 690 1190 906 1233; x_wconf 82' lang='lat' dir='ltr'>trinitatis</span> <span class='ocrx_word' id='word_1_92' title='bbox 935 1190 1074 1246; x_wconf 91' lang='lat' dir='ltr'>patris</span> <span class='ocrx_word' id='word_1_93' title='bbox 1107 1190 1183 1246; x_wconf 90' lang='lat' dir='ltr'>filij</span> <span class='ocrx_word' id='word_1_94' title='bbox 1209 1198 1252 1233; x_wconf 91' lang='lat' dir='ltr'>et</span> <span class='ocrx_word' id='word_1_95' title='bbox 1276 1189 1459 1246; x_wconf 89' lang='lat' dir='ltr'>spiritus</span> <span class='ocrx_word' id='word_1_96' title='bbox 1487 1190 1630 1232; x_wconf 89' lang='lat' dir='ltr'>sancti</span> <span class='ocrx_word' id='word_1_97' title='bbox 1663 1190 1983 1245; x_wconf 84' lang='lat' dir='ltr'>gloriosissime</span> 
     </span>
     <span class='ocr_line' id='line_1_13' title="bbox 167 1259 1982 1317; baseline -0.001 -14"><span class='ocrx_word' id='word_1_98' title='bbox 167 1261 352 1317; x_wconf 89' lang='lat' dir='ltr'>virginis</span> <span class='ocrx_word' id='word_1_99' title='bbox 384 1261 522 1304; x_wconf 89' lang='lat' dir='ltr'>marie</span> <span class='ocrx_word' id='word_1_100' title='bbox 554 1261 671 1305; x_wconf 89' lang='lat' dir='ltr'>beati</span> <span class='ocrx_word' id='word_1_101' title='bbox 704 1261 887 1304; x_wconf 90' lang='lat' dir='ltr'>duthaci</span> <span class='ocrx_word' id='word_1_102' title='bbox 915 1276 996 1303; x_wconf 91' lang='lat' dir='ltr'>nec</span> <span class='ocrx_word' id='word_1_103' title='bbox 1023 1276 1111 1303; x_wconf 91' lang='lat' dir='ltr'>non</span> <span class='ocrx_word' id='word_1_104' title='bbox 1145 1267 1300 1303; x_wconf 91' lang='lat' dir='ltr'>sancte</span> <span class='ocrx_word' id='word_1_105' title='bbox 1333 1260 1501 1315; x_wconf 87' lang='lat' dir='ltr'>brigide</span> <span class='ocrx_word' id='word_1_106' title='bbox 1534 1259 1823 1314; x_wconf 90' lang='lat' dir='ltr'>omniumque</span> <span class='ocrx_word' id='word_1_107' title='bbox 1856 1274 1982 1302; x_wconf 91' lang='lat' dir='ltr'>sanc-</span> 
     </span>
     <span class='ocr_line' id='line_1_14' title="bbox 168 1329 1983 1387; baseline -0.001 -14"><span class='ocrx_word' id='word_1_108' title='bbox 168 1338 315 1374; x_wconf 90' lang='lat' dir='ltr'>torum</span> <span class='ocrx_word' id='word_1_109' title='bbox 339 1331 407 1375; x_wconf 89' lang='lat' dir='ltr'>dei</span> <span class='ocrx_word' id='word_1_110' title='bbox 434 1331 479 1374; x_wconf 91' lang='lat' dir='ltr'>in</span> <span class='ocrx_word' id='word_1_111' title='bbox 507 1332 922 1387; x_wconf 85' lang='lat' dir='ltr'>augmentationem</span> <span class='ocrx_word' id='word_1_112' title='bbox 954 1331 1084 1374; x_wconf 81' lang='lat' dir='ltr'>Vnius</span> <span class='ocrx_word' id='word_1_113' title='bbox 1116 1337 1329 1386; x_wconf 87' lang='lat' dir='ltr'>perpetue</span> <span class='ocrx_word' id='word_1_114' title='bbox 1362 1329 1609 1386; x_wconf 88' lang='lat' dir='ltr'>capellanie</span> <span class='ocrx_word' id='word_1_115' title='bbox 1641 1330 1715 1373; x_wconf 90' lang='lat' dir='ltr'>vni</span> <span class='ocrx_word' id='word_1_116' title='bbox 1750 1331 1983 1385; x_wconf 90' lang='lat' dir='ltr'>capellano</span> 
     </span>
     <span class='ocr_line' id='line_1_15' title="bbox 166 1400 1983 1457; baseline -0.001 -13"><span class='ocrx_word' id='word_1_117' title='bbox 166 1402 340 1456; x_wconf 89' lang='lat' dir='ltr'>ydoneo</span> <span class='ocrx_word' id='word_1_118' title='bbox 377 1408 589 1457; x_wconf 87' lang='lat' dir='ltr'>perpetue</span> <span class='ocrx_word' id='word_1_119' title='bbox 627 1402 904 1445; x_wconf 90' lang='lat' dir='ltr'>celebraturo</span> <span class='ocrx_word' id='word_1_120' title='bbox 934 1401 978 1443; x_wconf 91' lang='lat' dir='ltr'>in</span> <span class='ocrx_word' id='word_1_121' title='bbox 1008 1401 1198 1444; x_wconf 91' lang='lat' dir='ltr'>ecclesia</span> <span class='ocrx_word' id='word_1_122' title='bbox 1234 1401 1479 1456; x_wconf 88' lang='lat' dir='ltr'>parochiali</span> <span class='ocrx_word' id='word_1_123' title='bbox 1515 1400 1632 1443; x_wconf 90' lang='lat' dir='ltr'>beati</span> <span class='ocrx_word' id='word_1_124' title='bbox 1671 1400 1891 1456; x_wconf 88' lang='lat' dir='ltr'>Nycholai</span> <span class='ocrx_word' id='word_1_125' title='bbox 1929 1401 1983 1442; x_wconf 92' lang='lat' dir='ltr'>de</span> 
     </span>
     <span class='ocr_line' id='line_1_16' title="bbox 168 1470 1984 1527; baseline -0.001 -13"><span class='ocrx_word' id='word_1_126' title='bbox 168 1472 389 1514; x_wconf 90' lang='lat' dir='ltr'>abrodene</span> <span class='ocrx_word' id='word_1_127' title='bbox 415 1473 471 1515; x_wconf 86' lang='lat' dir='ltr'>ad</span> <span class='ocrx_word' id='word_1_128' title='bbox 498 1472 638 1514; x_wconf 89' lang='lat' dir='ltr'>altare</span> <span class='ocrx_word' id='word_1_129' title='bbox 675 1471 792 1516; x_wconf 89' lang='lat' dir='ltr'>beati</span> <span class='ocrx_word' id='word_1_130' title='bbox 825 1471 1008 1514; x_wconf 93' lang='lat' dir='ltr'>duthaci</span> <span class='ocrx_word' id='word_1_131' title='bbox 1042 1486 1119 1527; x_wconf 90' lang='lat' dir='ltr'>per</span> <span class='ocrx_word' id='word_1_132' title='bbox 1147 1471 1478 1514; x_wconf 87' lang='lat' dir='ltr'>aldirmannum</span> <span class='ocrx_word' id='word_1_133' title='bbox 1515 1470 1706 1513; x_wconf 92' lang='lat' dir='ltr'>balliuos</span> <span class='ocrx_word' id='word_1_134' title='bbox 1737 1470 1984 1512; x_wconf 91' lang='lat' dir='ltr'>communi-</span> 
     </span>
     <span class='ocr_line' id='line_1_17' title="bbox 167 1540 1982 1598; baseline -0.002 -12"><span class='ocrx_word' id='word_1_135' title='bbox 167 1548 308 1585; x_wconf 85' lang='lat' dir='ltr'>tatem</span> <span class='ocrx_word' id='word_1_136' title='bbox 335 1544 389 1586; x_wconf 90' lang='lat' dir='ltr'>de</span> <span class='ocrx_word' id='word_1_137' title='bbox 415 1544 637 1586; x_wconf 88' lang='lat' dir='ltr'>abrodene</span> <span class='ocrx_word' id='word_1_138' title='bbox 664 1544 719 1586; x_wconf 89' lang='lat' dir='ltr'>ab</span> <span class='ocrx_word' id='word_1_139' title='bbox 745 1543 929 1598; x_wconf 90' lang='lat' dir='ltr'>antiquo</span> <span class='ocrx_word' id='word_1_140' title='bbox 956 1542 1000 1585; x_wconf 90' lang='lat' dir='ltr'>in</span> <span class='ocrx_word' id='word_1_141' title='bbox 1030 1548 1155 1598; x_wconf 92' lang='lat' dir='ltr'>parte</span> <span class='ocrx_word' id='word_1_142' title='bbox 1177 1543 1414 1585; x_wconf 90' lang='lat' dir='ltr'>fundatum</span> <span class='ocrx_word' id='word_1_143' title='bbox 1448 1542 1653 1584; x_wconf 90' lang='lat' dir='ltr'>Eandem</span> <span class='ocrx_word' id='word_1_144' title='bbox 1686 1540 1982 1596; x_wconf 87' lang='lat' dir='ltr'>capellaniam</span> 
     </span>
     <span class='ocr_line' id='line_1_18' title="bbox 167 1611 1983 1670; baseline -0.002 -14"><span class='ocrx_word' id='word_1_145' title='bbox 167 1614 222 1656; x_wconf 92' lang='lat' dir='ltr'>de</span> <span class='ocrx_word' id='word_1_146' title='bbox 258 1628 376 1658; x_wconf 93' lang='lat' dir='ltr'>nouo</span> <span class='ocrx_word' id='word_1_147' title='bbox 419 1614 634 1670; x_wconf 89' lang='lat' dir='ltr'>ampliare</span> <span class='ocrx_word' id='word_1_148' title='bbox 675 1615 829 1657; x_wconf 88' lang='lat' dir='ltr'>dotare</span> <span class='ocrx_word' id='word_1_149' title='bbox 867 1620 909 1656; x_wconf 89' lang='lat' dir='ltr'>et</span> <span class='ocrx_word' id='word_1_150' title='bbox 948 1619 1239 1669; x_wconf 88' lang='lat' dir='ltr'>augmentare</span> <span class='ocrx_word' id='word_1_151' title='bbox 1276 1612 1458 1656; x_wconf 92' lang='lat' dir='ltr'>domino</span> <span class='ocrx_word' id='word_1_152' title='bbox 1493 1613 1671 1655; x_wconf 84' lang='lat' dir='ltr'>favente</span> <span class='ocrx_word' id='word_1_153' title='bbox 1708 1611 1905 1667; x_wconf 90' lang='lat' dir='ltr'>disposuj</span> <span class='ocrx_word' id='word_1_154' title='bbox 1940 1617 1983 1653; x_wconf 90' lang='lat' dir='ltr'>et</span> 
     </span>
     <span class='ocr_line' id='line_1_19' title="bbox 168 1681 1982 1740; baseline -0.003 -12"><span class='ocrx_word' id='word_1_155' title='bbox 168 1684 368 1740; x_wconf 88' lang='lat' dir='ltr'>ordinauj</span> <span class='ocrx_word' id='word_1_156' title='bbox 414 1700 515 1728; x_wconf 91' lang='lat' dir='ltr'>cum</span> <span class='ocrx_word' id='word_1_157' title='bbox 557 1684 687 1728; x_wconf 89' lang='lat' dir='ltr'>terris</span> <span class='ocrx_word' id='word_1_158' title='bbox 723 1692 766 1728; x_wconf 88' lang='lat' dir='ltr'>et</span> <span class='ocrx_word' id='word_1_159' title='bbox 805 1683 966 1728; x_wconf 91' lang='lat' dir='ltr'>annuis</span> <span class='ocrx_word' id='word_1_160' title='bbox 1008 1684 1121 1727; x_wconf 89' lang='lat' dir='ltr'>meis</span> <span class='ocrx_word' id='word_1_161' title='bbox 1166 1683 1412 1727; x_wconf 88' lang='lat' dir='ltr'>redditibus</span> <span class='ocrx_word' id='word_1_162' title='bbox 1454 1681 1750 1737; x_wconf 88' lang='lat' dir='ltr'>infrascriptis</span> <span class='ocrx_word' id='word_1_163' title='bbox 1789 1695 1982 1724; x_wconf 91' lang='lat' dir='ltr'>vnacum</span> 
     </span>
     <span class='ocr_line' id='line_1_20' title="bbox 168 1750 1983 1809; baseline -0.003 -12"><span class='ocrx_word' id='word_1_164' title='bbox 168 1768 390 1797; x_wconf 90' lang='lat' dir='ltr'>consensu</span> <span class='ocrx_word' id='word_1_165' title='bbox 437 1761 480 1797; x_wconf 89' lang='lat' dir='ltr'>et</span> <span class='ocrx_word' id='word_1_166' title='bbox 528 1768 715 1797; x_wconf 88' lang='lat' dir='ltr'>assensu</span> <span class='ocrx_word' id='word_1_167' title='bbox 765 1754 1045 1809; x_wconf 86' lang='lat' dir='ltr'>aldromannj</span> <span class='ocrx_word' id='word_1_168' title='bbox 1098 1753 1365 1797; x_wconf 90' lang='lat' dir='ltr'>balliuorum</span> <span class='ocrx_word' id='word_1_169' title='bbox 1413 1759 1456 1795; x_wconf 91' lang='lat' dir='ltr'>et</span> <span class='ocrx_word' id='word_1_170' title='bbox 1503 1750 1843 1795; x_wconf 88' lang='lat' dir='ltr'>communitatis</span> <span class='ocrx_word' id='word_1_171' title='bbox 1889 1765 1983 1805; x_wconf 92' lang='lat' dir='ltr'>pre-</span> 
     </span>
     <span class='ocr_line' id='line_1_21' title="bbox 167 1820 1984 1881; baseline -0.003 -14"><span class='ocrx_word' id='word_1_172' title='bbox 167 1823 388 1867; x_wconf 89' lang='lat' dir='ltr'>dictorum</span> <span class='ocrx_word' id='word_1_173' title='bbox 423 1832 552 1881; x_wconf 92' lang='lat' dir='ltr'>prout</span> <span class='ocrx_word' id='word_1_174' title='bbox 585 1825 630 1867; x_wconf 91' lang='lat' dir='ltr'>in</span> <span class='ocrx_word' id='word_1_175' title='bbox 663 1824 803 1867; x_wconf 90' lang='lat' dir='ltr'>literis</span> <span class='ocrx_word' id='word_1_176' title='bbox 835 1824 1094 1880; x_wconf 91' lang='lat' dir='ltr'>patentibus</span> <span class='ocrx_word' id='word_1_177' title='bbox 1126 1825 1367 1867; x_wconf 90' lang='lat' dir='ltr'>eorundem</span> <span class='ocrx_word' id='word_1_178' title='bbox 1401 1838 1472 1866; x_wconf 89' lang='lat' dir='ltr'>me</span> <span class='ocrx_word' id='word_1_179' title='bbox 1504 1830 1547 1866; x_wconf 91' lang='lat' dir='ltr'>et</span> <span class='ocrx_word' id='word_1_180' title='bbox 1581 1822 1693 1865; x_wconf 90' lang='lat' dir='ltr'>meis</span> <span class='ocrx_word' id='word_1_181' title='bbox 1725 1820 1984 1864; x_wconf 89' lang='lat' dir='ltr'>constitutis</span> 
     </span>
     <span class='ocr_line' id='line_1_22' title="bbox 168 1891 1985 1950; baseline -0.003 -12"><span class='ocrx_word' id='word_1_182' title='bbox 168 1896 222 1938; x_wconf 88' lang='lat' dir='ltr'>de</span> <span class='ocrx_word' id='word_1_183' title='bbox 260 1897 361 1938; x_wconf 91' lang='lat' dir='ltr'>Iure</span> <span class='ocrx_word' id='word_1_184' title='bbox 403 1902 668 1950; x_wconf 91' lang='lat' dir='ltr'>patronatus</span> <span class='ocrx_word' id='word_1_185' title='bbox 709 1894 816 1938; x_wconf 89' lang='lat' dir='ltr'>dicti</span> <span class='ocrx_word' id='word_1_186' title='bbox 859 1895 1013 1938; x_wconf 91' lang='lat' dir='ltr'>altaris</span> <span class='ocrx_word' id='word_1_187' title='bbox 1045 1896 1235 1950; x_wconf 90' lang='lat' dir='ltr'>desuper</span> <span class='ocrx_word' id='word_1_188' title='bbox 1268 1894 1482 1937; x_wconf 91' lang='lat' dir='ltr'>confectis</span> <span class='ocrx_word' id='word_1_189' title='bbox 1519 1892 1694 1949; x_wconf 91' lang='lat' dir='ltr'>plenius</span> <span class='ocrx_word' id='word_1_190' title='bbox 1731 1891 1985 1935; x_wconf 87' lang='lat' dir='ltr'>continetur</span> 
     </span>
     <span class='ocr_line' id='line_1_23' title="bbox 169 1965 1983 2021; baseline -0.003 -13"><span class='ocrx_word' id='word_1_191' title='bbox 169 1965 356 2008; x_wconf 88' lang='lat' dir='ltr'>Nouerit</span> <span class='ocrx_word' id='word_1_192' title='bbox 389 1965 524 2021; x_wconf 90' lang='lat' dir='ltr'>igitur</span> <span class='ocrx_word' id='word_1_193' title='bbox 546 1965 830 2008; x_wconf 90' lang='lat' dir='ltr'>Vniuersitas</span> <span class='ocrx_word' id='word_1_194' title='bbox 862 1972 1013 2008; x_wconf 90' lang='lat' dir='ltr'>uestra</span> <span class='ocrx_word' id='word_1_195' title='bbox 1047 1980 1117 2007; x_wconf 90' lang='lat' dir='ltr'>me</span> <span class='ocrx_word' id='word_1_196' title='bbox 1150 1980 1252 2008; x_wconf 91' lang='lat' dir='ltr'>cum</span> <span class='ocrx_word' id='word_1_197' title='bbox 1286 1979 1508 2007; x_wconf 86' lang='lat' dir='ltr'>consensu</span> <span class='ocrx_word' id='word_1_198' title='bbox 1538 1970 1581 2006; x_wconf 93' lang='lat' dir='ltr'>et</span> <span class='ocrx_word' id='word_1_199' title='bbox 1612 1976 1799 2006; x_wconf 90' lang='lat' dir='ltr'>assensu</span> <span class='ocrx_word' id='word_1_200' title='bbox 1832 1975 1983 2016; x_wconf 89' lang='lat' dir='ltr'>supra-</span> 
     </span>
     <span class='ocr_line' id='line_1_24' title="bbox 167 2032 1984 2092; baseline -0.003 -14"><span class='ocrx_word' id='word_1_201' title='bbox 167 2035 300 2079; x_wconf 88' lang='lat' dir='ltr'>dictis</span> <span class='ocrx_word' id='word_1_202' title='bbox 325 2035 475 2079; x_wconf 90' lang='lat' dir='ltr'>diuine</span> <span class='ocrx_word' id='word_1_203' title='bbox 506 2036 906 2092; x_wconf 88' lang='lat' dir='ltr'>contemplacionis</span> <span class='ocrx_word' id='word_1_204' title='bbox 928 2035 1094 2079; x_wconf 90' lang='lat' dir='ltr'>intuitu</span> <span class='ocrx_word' id='word_1_205' title='bbox 1123 2035 1299 2079; x_wconf 89' lang='lat' dir='ltr'>dedisse</span> <span class='ocrx_word' id='word_1_206' title='bbox 1329 2033 1605 2078; x_wconf 89' lang='lat' dir='ltr'>concessisse</span> <span class='ocrx_word' id='word_1_207' title='bbox 1627 2039 1670 2076; x_wconf 89' lang='lat' dir='ltr'>et</span> <span class='ocrx_word' id='word_1_208' title='bbox 1694 2032 1984 2075; x_wconf 89' lang='lat' dir='ltr'>confirmasse</span> 
     </span>
     <span class='ocr_line' id='line_1_25' title="bbox 168 2101 1983 2162; baseline -0.003 -14"><span class='ocrx_word' id='word_1_209' title='bbox 168 2120 220 2148; x_wconf 91' lang='lat' dir='ltr'>ac</span> <span class='ocrx_word' id='word_1_210' title='bbox 256 2112 409 2149; x_wconf 89' lang='lat' dir='ltr'>tenore</span> <span class='ocrx_word' id='word_1_211' title='bbox 445 2107 726 2162; x_wconf 89' lang='lat' dir='ltr'>presencium</span> <span class='ocrx_word' id='word_1_212' title='bbox 765 2108 869 2150; x_wconf 88' lang='lat' dir='ltr'>dare</span> <span class='ocrx_word' id='word_1_213' title='bbox 911 2108 1153 2150; x_wconf 87' lang='lat' dir='ltr'>concedere</span> <span class='ocrx_word' id='word_1_214' title='bbox 1185 2113 1228 2149; x_wconf 88' lang='lat' dir='ltr'>et</span> <span class='ocrx_word' id='word_1_215' title='bbox 1269 2106 1354 2149; x_wconf 91' lang='lat' dir='ltr'>hac</span> <span class='ocrx_word' id='word_1_216' title='bbox 1396 2103 1592 2161; x_wconf 88' lang='lat' dir='ltr'>presenti</span> <span class='ocrx_word' id='word_1_217' title='bbox 1634 2109 1758 2146; x_wconf 87' lang='lat' dir='ltr'>carta</span> <span class='ocrx_word' id='word_1_218' title='bbox 1794 2116 1895 2144; x_wconf 90' lang='lat' dir='ltr'>mea</span> <span class='ocrx_word' id='word_1_219' title='bbox 1928 2101 1983 2143; x_wconf 90' lang='lat' dir='ltr'>ad</span> 
     </span>
     <span class='ocr_line' id='line_1_26' title="bbox 169 2172 1984 2232; baseline -0.002 -14"><span class='ocrx_word' id='word_1_220' title='bbox 169 2182 391 2218; x_wconf 90' lang='lat' dir='ltr'>mortuam</span> <span class='ocrx_word' id='word_1_221' title='bbox 415 2190 600 2219; x_wconf 90' lang='lat' dir='ltr'>manum</span> <span class='ocrx_word' id='word_1_222' title='bbox 624 2176 667 2219; x_wconf 92' lang='lat' dir='ltr'>in</span> <span class='ocrx_word' id='word_1_223' title='bbox 691 2183 909 2232; x_wconf 89' lang='lat' dir='ltr'>quantum</span> <span class='ocrx_word' id='word_1_224' title='bbox 932 2176 976 2219; x_wconf 92' lang='lat' dir='ltr'>in</span> <span class='ocrx_word' id='word_1_225' title='bbox 1000 2191 1071 2219; x_wconf 91' lang='lat' dir='ltr'>me</span> <span class='ocrx_word' id='word_1_226' title='bbox 1097 2183 1165 2219; x_wconf 92' lang='lat' dir='ltr'>est</span> <span class='ocrx_word' id='word_1_227' title='bbox 1198 2177 1462 2219; x_wconf 88' lang='lat' dir='ltr'>confirmare</span> <span class='ocrx_word' id='word_1_228' title='bbox 1493 2176 1575 2218; x_wconf 90' lang='lat' dir='ltr'>deo</span> <span class='ocrx_word' id='word_1_229' title='bbox 1598 2180 1641 2216; x_wconf 91' lang='lat' dir='ltr'>et</span> <span class='ocrx_word' id='word_1_230' title='bbox 1663 2172 1984 2229; x_wconf 90' lang='lat' dir='ltr'>gloriosissime</span> 
     </span>
     <span class='ocr_line' id='line_1_27' title="bbox 168 2243 1983 2302; baseline -0.001 -15"><span class='ocrx_word' id='word_1_231' title='bbox 168 2245 341 2301; x_wconf 91' lang='lat' dir='ltr'>Virgini</span> <span class='ocrx_word' id='word_1_232' title='bbox 375 2246 514 2289; x_wconf 90' lang='lat' dir='ltr'>marie</span> <span class='ocrx_word' id='word_1_233' title='bbox 552 2246 783 2302; x_wconf 90' lang='lat' dir='ltr'>beatisque</span> <span class='ocrx_word' id='word_1_234' title='bbox 820 2247 1017 2291; x_wconf 91' lang='lat' dir='ltr'>duthaco</span> <span class='ocrx_word' id='word_1_235' title='bbox 1050 2254 1092 2290; x_wconf 90' lang='lat' dir='ltr'>et</span> <span class='ocrx_word' id='word_1_236' title='bbox 1126 2246 1295 2302; x_wconf 89' lang='lat' dir='ltr'>brigide</span> <span class='ocrx_word' id='word_1_237' title='bbox 1327 2245 1501 2302; x_wconf 88' lang='lat' dir='ltr'>Virgini</span> <span class='ocrx_word' id='word_1_238' title='bbox 1538 2245 1746 2300; x_wconf 91' lang='lat' dir='ltr'>dictoque</span> <span class='ocrx_word' id='word_1_239' title='bbox 1778 2243 1907 2287; x_wconf 90' lang='lat' dir='ltr'>altari</span> <span class='ocrx_word' id='word_1_240' title='bbox 1940 2250 1983 2285; x_wconf 91' lang='lat' dir='ltr'>et</span> 
     </span>
     <span class='ocr_line' id='line_1_28' title="bbox 168 2315 1982 2374; baseline -0.002 -16"><span class='ocrx_word' id='word_1_241' title='bbox 168 2316 340 2371; x_wconf 88' lang='lat' dir='ltr'>capello</span> <span class='ocrx_word' id='word_1_242' title='bbox 385 2316 534 2360; x_wconf 88' lang='lat' dir='ltr'>Inhibi</span> <span class='ocrx_word' id='word_1_243' title='bbox 581 2332 660 2373; x_wconf 88' lang='lat' dir='ltr'>pro</span> <span class='ocrx_word' id='word_1_244' title='bbox 707 2325 922 2374; x_wconf 90' lang='lat' dir='ltr'>perpetuo</span> <span class='ocrx_word' id='word_1_245' title='bbox 970 2318 1247 2361; x_wconf 90' lang='lat' dir='ltr'>celebraturo</span> <span class='ocrx_word' id='word_1_246' title='bbox 1284 2332 1362 2373; x_wconf 92' lang='lat' dir='ltr'>pro</span> <span class='ocrx_word' id='word_1_247' title='bbox 1410 2318 1555 2360; x_wconf 87' lang='lat' dir='ltr'>salute</span> <span class='ocrx_word' id='word_1_248' title='bbox 1601 2315 1750 2359; x_wconf 89' lang='lat' dir='ltr'>anime</span> <span class='ocrx_word' id='word_1_249' title='bbox 1796 2328 1894 2357; x_wconf 91' lang='lat' dir='ltr'>mee</span> <span class='ocrx_word' id='word_1_250' title='bbox 1940 2319 1982 2355; x_wconf 91' lang='lat' dir='ltr'>et</span> 
     </span>
     <span class='ocr_line' id='line_1_29' title="bbox 168 2385 1983 2443; baseline -0.002 -16"><span class='ocrx_word' id='word_1_251' title='bbox 168 2385 419 2428; x_wconf 88' lang='lat' dir='ltr'>animarum</span> <span class='ocrx_word' id='word_1_252' title='bbox 465 2386 613 2429; x_wconf 84' lang='lat' dir='ltr'>onris</span> <span class='ocrx_word' id='word_1_253' title='bbox 665 2402 762 2430; x_wconf 90' lang='lat' dir='ltr'>mee</span> <span class='ocrx_word' id='word_1_254' title='bbox 808 2387 1006 2443; x_wconf 91' lang='lat' dir='ltr'>predicte</span> <span class='ocrx_word' id='word_1_255' title='bbox 1050 2402 1101 2430; x_wconf 91' lang='lat' dir='ltr'>ac</span> <span class='ocrx_word' id='word_1_256' title='bbox 1145 2394 1323 2443; x_wconf 89' lang='lat' dir='ltr'>patrum</span> <span class='ocrx_word' id='word_1_257' title='bbox 1368 2393 1410 2430; x_wconf 86' lang='lat' dir='ltr'>et</span> <span class='ocrx_word' id='word_1_258' title='bbox 1456 2392 1650 2429; x_wconf 90' lang='lat' dir='ltr'>matrum</span> <span class='ocrx_word' id='word_1_259' title='bbox 1695 2398 1895 2427; x_wconf 90' lang='lat' dir='ltr'>meorum</span> <span class='ocrx_word' id='word_1_260' title='bbox 1940 2389 1983 2425; x_wconf 85' lang='lat' dir='ltr'>et</span> 
     </span>
     <span class='ocr_line' id='line_1_30' title="bbox 168 2454 1982 2513; baseline -0.001 -16"><span class='ocrx_word' id='word_1_261' title='bbox 168 2454 364 2510; x_wconf 89' lang='lat' dir='ltr'>priorum</span> <span class='ocrx_word' id='word_1_262' title='bbox 404 2457 692 2500; x_wconf 88' lang='lat' dir='ltr'>fundatorum</span> <span class='ocrx_word' id='word_1_263' title='bbox 737 2457 936 2501; x_wconf 90' lang='lat' dir='ltr'>eiusdem</span> <span class='ocrx_word' id='word_1_264' title='bbox 990 2457 1237 2513; x_wconf 87' lang='lat' dir='ltr'>capellanie</span> <span class='ocrx_word' id='word_1_265' title='bbox 1289 2462 1525 2512; x_wconf 90' lang='lat' dir='ltr'>parentum</span> <span class='ocrx_word' id='word_1_266' title='bbox 1577 2461 1620 2498; x_wconf 90' lang='lat' dir='ltr'>et</span> <span class='ocrx_word' id='word_1_267' title='bbox 1673 2467 1982 2497; x_wconf 87' lang='lat' dir='ltr'>successorum</span> 
     </span>
     <span class='ocr_line' id='line_1_31' title="bbox 168 2523 1982 2577; baseline -0.002 -10"><span class='ocrx_word' id='word_1_268' title='bbox 168 2540 369 2569; x_wconf 89' lang='lat' dir='ltr'>meorum</span> <span class='ocrx_word' id='word_1_269' title='bbox 409 2527 596 2570; x_wconf 87' lang='lat' dir='ltr'>fratrum</span> <span class='ocrx_word' id='word_1_270' title='bbox 644 2534 687 2570; x_wconf 92' lang='lat' dir='ltr'>et</span> <span class='ocrx_word' id='word_1_271' title='bbox 734 2543 935 2571; x_wconf 88' lang='lat' dir='ltr'>sororum</span> <span class='ocrx_word' id='word_1_272' title='bbox 979 2534 1021 2570; x_wconf 89' lang='lat' dir='ltr'>et</span> <span class='ocrx_word' id='word_1_273' title='bbox 1064 2528 1397 2571; x_wconf 90' lang='lat' dir='ltr'>benefactorum</span> <span class='ocrx_word' id='word_1_274' title='bbox 1446 2540 1646 2569; x_wconf 90' lang='lat' dir='ltr'>meorum</span> <span class='ocrx_word' id='word_1_275' title='bbox 1693 2523 1982 2577; x_wconf 89' lang='lat' dir='ltr'>omniumque</span> 
     </span>
     <span class='ocr_line' id='line_1_32' title="bbox 167 2593 1982 2653; baseline -0.002 -15"><span class='ocrx_word' id='word_1_276' title='bbox 167 2595 355 2638; x_wconf 84' lang='lat' dir='ltr'>aliorum</span> <span class='ocrx_word' id='word_1_277' title='bbox 377 2596 581 2639; x_wconf 90' lang='lat' dir='ltr'>viuorum</span> <span class='ocrx_word' id='word_1_278' title='bbox 611 2604 654 2639; x_wconf 92' lang='lat' dir='ltr'>et</span> <span class='ocrx_word' id='word_1_279' title='bbox 687 2599 998 2641; x_wconf 87' lang='lat' dir='ltr'>defunctorum</span> <span class='ocrx_word' id='word_1_280' title='bbox 1022 2613 1047 2641; x_wconf 91' lang='lat' dir='ltr'>a</span> <span class='ocrx_word' id='word_1_281' title='bbox 1074 2613 1160 2653; x_wconf 90' lang='lat' dir='ltr'>quo</span> <span class='ocrx_word' id='word_1_282' title='bbox 1183 2598 1254 2641; x_wconf 92' lang='lat' dir='ltr'>uel</span> <span class='ocrx_word' id='word_1_283' title='bbox 1278 2613 1304 2640; x_wconf 93' lang='lat' dir='ltr'>a</span> <span class='ocrx_word' id='word_1_284' title='bbox 1335 2597 1496 2652; x_wconf 91' lang='lat' dir='ltr'>quibus</span> <span class='ocrx_word' id='word_1_285' title='bbox 1529 2596 1677 2651; x_wconf 91' lang='lat' dir='ltr'>aliqua</span> <span class='ocrx_word' id='word_1_286' title='bbox 1699 2596 1816 2638; x_wconf 91' lang='lat' dir='ltr'>bona</span> <span class='ocrx_word' id='word_1_287' title='bbox 1836 2593 1982 2648; x_wconf 91' lang='lat' dir='ltr'>recepi</span> 
     </span>
     <span class='ocr_line' id='line_1_33' title="bbox 167 2663 1984 2724; baseline -0.002 -16"><span class='ocrx_word' id='word_1_288' title='bbox 167 2672 210 2708; x_wconf 87' lang='lat' dir='ltr'>et</span> <span class='ocrx_word' id='word_1_289' title='bbox 247 2666 415 2709; x_wconf 91' lang='lat' dir='ltr'>eisdem</span> <span class='ocrx_word' id='word_1_290' title='bbox 453 2669 508 2710; x_wconf 90' lang='lat' dir='ltr'>ad</span> <span class='ocrx_word' id='word_1_291' title='bbox 546 2668 817 2724; x_wconf 89' lang='lat' dir='ltr'>condignum</span> <span class='ocrx_word' id='word_1_292' title='bbox 856 2683 944 2711; x_wconf 89' lang='lat' dir='ltr'>non</span> <span class='ocrx_word' id='word_1_293' title='bbox 982 2668 1178 2711; x_wconf 87' lang='lat' dir='ltr'>satisfeci</span> <span class='ocrx_word' id='word_1_294' title='bbox 1212 2668 1380 2711; x_wconf 87' lang='lat' dir='ltr'>Totum</span> <span class='ocrx_word' id='word_1_295' title='bbox 1423 2667 1532 2710; x_wconf 90' lang='lat' dir='ltr'>illud</span> <span class='ocrx_word' id='word_1_296' title='bbox 1573 2671 1881 2709; x_wconf 89' lang='lat' dir='ltr'>tenementum</span> <span class='ocrx_word' id='word_1_297' title='bbox 1913 2663 1984 2705; x_wconf 83' lang='lat' dir='ltr'>viz</span> 
     </span>
     <span class='ocr_line' id='line_1_34' title="bbox 166 2733 1984 2789; baseline -0.003 -11"><span class='ocrx_word' id='word_1_298' title='bbox 166 2742 332 2779; x_wconf 90' lang='lat' dir='ltr'>terram</span> <span class='ocrx_word' id='word_1_299' title='bbox 366 2751 513 2779; x_wconf 90' lang='lat' dir='ltr'>meam</span> <span class='ocrx_word' id='word_1_300' title='bbox 546 2744 640 2780; x_wconf 88' lang='lat' dir='ltr'>tam</span> <span class='ocrx_word' id='word_1_301' title='bbox 673 2745 849 2782; x_wconf 85' lang='lat' dir='ltr'>vastam</span> <span class='ocrx_word' id='word_1_302' title='bbox 887 2741 1117 2782; x_wconf 88' lang='lat' dir='ltr'>Iacentem</span> <span class='ocrx_word' id='word_1_303' title='bbox 1147 2738 1191 2780; x_wconf 92' lang='lat' dir='ltr'>in</span> <span class='ocrx_word' id='word_1_304' title='bbox 1213 2738 1312 2781; x_wconf 90' lang='lat' dir='ltr'>vico</span> <span class='ocrx_word' id='word_1_305' title='bbox 1344 2737 1529 2781; x_wconf 88' lang='lat' dir='ltr'>nauium</span> <span class='ocrx_word' id='word_1_306' title='bbox 1562 2735 1668 2779; x_wconf 90' lang='lat' dir='ltr'>dicti</span> <span class='ocrx_word' id='word_1_307' title='bbox 1705 2733 1831 2789; x_wconf 89' lang='lat' dir='ltr'>burgi</span> <span class='ocrx_word' id='word_1_308' title='bbox 1868 2733 1984 2774; x_wconf 89' lang='lat' dir='ltr'>inter</span> 
     </span>
     <span class='ocr_line' id='line_1_35' title="bbox 167 2802 1984 2865; baseline -0.002 -18"><span class='ocrx_word' id='word_1_309' title='bbox 167 2811 333 2848; x_wconf 88' lang='lat' dir='ltr'>terram</span> <span class='ocrx_word' id='word_1_310' title='bbox 362 2806 582 2849; x_wconf 89' lang='lat' dir='ltr'>Willelmi</span> <span class='ocrx_word' id='word_1_311' title='bbox 616 2808 730 2851; x_wconf 91' lang='lat' dir='ltr'>moir</span> <span class='ocrx_word' id='word_1_312' title='bbox 763 2824 816 2852; x_wconf 84' lang='lat' dir='ltr'>ex</span> <span class='ocrx_word' id='word_1_313' title='bbox 847 2815 975 2865; x_wconf 90' lang='lat' dir='ltr'>parte</span> <span class='ocrx_word' id='word_1_314' title='bbox 1007 2808 1274 2852; x_wconf 87' lang='lat' dir='ltr'>occidentali</span> <span class='ocrx_word' id='word_1_315' title='bbox 1307 2823 1360 2851; x_wconf 84' lang='lat' dir='ltr'>ex</span> <span class='ocrx_word' id='word_1_316' title='bbox 1380 2822 1468 2850; x_wconf 89' lang='lat' dir='ltr'>vna</span> <span class='ocrx_word' id='word_1_317' title='bbox 1497 2813 1540 2850; x_wconf 86' lang='lat' dir='ltr'>et</span> <span class='ocrx_word' id='word_1_318' title='bbox 1567 2812 1733 2848; x_wconf 89' lang='lat' dir='ltr'>terram</span> <span class='ocrx_word' id='word_1_319' title='bbox 1768 2802 1984 2846; x_wconf 88' lang='lat' dir='ltr'>Iohannis</span> 
     </span>
     <span class='ocr_line' id='line_1_36' title="bbox 169 2875 1982 2936; baseline -0.002 -18"><span class='ocrx_word' id='word_1_320' title='bbox 169 2875 311 2919; x_wconf 87' lang='lat' dir='ltr'>Gouis</span> <span class='ocrx_word' id='word_1_321' title='bbox 333 2891 385 2918; x_wconf 81' lang='lat' dir='ltr'>ex</span> <span class='ocrx_word' id='word_1_322' title='bbox 413 2876 617 2920; x_wconf 89' lang='lat' dir='ltr'>orientali</span> <span class='ocrx_word' id='word_1_323' title='bbox 647 2879 850 2933; x_wconf 87' lang='lat' dir='ltr'>partibus</span> <span class='ocrx_word' id='word_1_324' title='bbox 891 2879 978 2930; x_wconf 82' lang='lat' dir='ltr'>[sic]</span> <span class='ocrx_word' id='word_1_325' title='bbox 1019 2880 1073 2936; x_wconf 90' lang='lat' dir='ltr'>ab</span> <span class='ocrx_word' id='word_1_326' title='bbox 1103 2879 1245 2921; x_wconf 88' lang='lat' dir='ltr'>altera</span> <span class='ocrx_word' id='word_1_327' title='bbox 1271 2884 1313 2920; x_wconf 90' lang='lat' dir='ltr'>et</span> <span class='ocrx_word' id='word_1_328' title='bbox 1341 2877 1483 2921; x_wconf 89' lang='lat' dir='ltr'>eciam</span> <span class='ocrx_word' id='word_1_329' title='bbox 1516 2883 1682 2918; x_wconf 85' lang='lat' dir='ltr'>terram</span> <span class='ocrx_word' id='word_1_330' title='bbox 1713 2888 1859 2916; x_wconf 91' lang='lat' dir='ltr'>meam</span> <span class='ocrx_word' id='word_1_331' title='bbox 1888 2878 1982 2914; x_wconf 90' lang='lat' dir='ltr'>tam</span> 
     </span>
    </p>
   </div>
   <div class='ocr_carea' id='block_1_4' title="bbox 2012 537 2130 569">
    <p class='ocr_par' dir='ltr' id='par_1_4' title="bbox 2012 537 2130 569">
     <span class='ocr_line' id='line_1_37' title="bbox 2012 537 2130 569; baseline 0.008 -1"><span class='ocrx_word' id='word_1_332' title='bbox 2012 538 2069 569; x_wconf 80' lang='lat' dir='ltr'>fol.</span> <span class='ocrx_word' id='word_1_333' title='bbox 2088 537 2130 569; x_wconf 57' lang='grc' dir='ltr'>θ’3</span> 
     </span>
    </p>
   </div>
  </div>
 </body>
</html>
