2524 3418
245 395 300 425 sOl.
320 397 337 424 (ἶ
352 394 358 413 ¹

243 820 409 851 Robertus

240 864 425 894 dauidsone

240 907 372 937 occisus
390 907 421 936 in

243 951 400 980 liare-law

243 995 318 1032 1361
349 993 417 1032 'sicj

237 2067 361 2097 vokett

237 2414 362 2447 Forbes

544 274 594 315 18
933 273 1185 313 Ornamcnta
1219 271 1335 312 varia
1369 270 1550 312 Ecclesie
1582 270 1726 312 Sancti
1757 270 1957 313 Nicholai

539 388 757 431 discretus
779 387 1041 430 Willermus
1066 387 1119 428 de
1145 386 1334 428 Camera
1361 386 1414 428 de
1439 384 1662 439 fyndoune
1694 399 1746 428 ae
1780 385 2011 440 burgensis
2037 387 2090 429 de
2111 387 2341 430 Aberdene

537 458 739 500 fundauit
777 458 927 498 Altare
960 464 1112 498 sancte
1146 454 1342 496 katerine
1375 453 1418 495 in
1451 453 1640 496 ecclesia
1676 455 1919 509 parochiali
1951 457 2004 498 de
2036 457 2265 498 Aberdene
2296 463 2339 500 et

538 527 759 582 separauit
784 527 889 568 illud
913 527 965 568 de
988 527 1141 567 eadem
1165 524 1372 578 ymagine
1405 525 1593 578 desuper
1615 524 1781 567 situata
1813 533 1854 567 et
1883 527 1935 567 de
1968 525 2105 568 calice
2128 527 2339 568 deaurato

538 605 580 639 et
614 597 713 651 alijs
744 595 1024 638 vestimentis
1056 594 1224 636 sanctis
1256 593 1625 636 conuenientibus
1662 596 1717 637 ad
1753 594 1905 637 diuina
1938 596 1997 637 Et
2040 595 2240 650 sepultus
2272 602 2338 638 est

539 675 641 709 ante
663 667 813 708 Altare
837 665 976 708 Cuius
998 664 1144 707 anime
1168 663 1430 706 misereatur
1452 664 1577 706 Deus

651 806 724 858 [A]
740 819 828 847 nno
856 803 1023 847 domini
1052 803 1288 846 millesimo
1313 803 1618 846 tricentesimo
1644 803 1921 857 sexagesimo
1947 803 2089 858 primo
2117 802 2340 846 Dominus

535 878 737 919 Andreas
768 877 820 918 de
854 876 1154 918 Curtastoune
1185 874 1251 915 vir
1283 874 1498 916 honestus
1539 881 1581 916 et
1624 874 1883 928 capellanus
1924 874 2178 917 deseruiens
2210 872 2339 917 altari

535 949 662 989 beate
685 947 812 987 Anne
844 944 1040 999 potentis
1061 943 1140 985 viri
1176 944 1357 986 Roberti
1387 943 1520 985 dauid
1553 943 1786 997 burgensis
1817 944 1869 986 de
1901 944 2131 986 Aberdene
2157 943 2339 1000 Quiqui-

535 1017 635 1057 dem
659 1014 866 1057 dominus
880 1015 1080 1056 Andreas
1098 1013 1320 1067 separauit
1343 1013 1511 1055 dictum
1531 1013 1670 1055 altare
1688 1014 1741 1055 de
1759 1028 1845 1055 vna
1862 1028 2004 1068 cappa
2024 1013 2155 1068 Rubij
2180 1013 2341 1056 coloris

535 1084 628 1126 auri
652 1091 773 1126 texta
795 1090 836 1125 et
860 1097 945 1125 vno
968 1083 1007 1124 le
1030 1083 1290 1137 baudekyne
1322 1082 1452 1137 Rubij
1488 1082 1647 1124 coloris
1679 1084 1732 1125 de
1764 1097 1912 1136 panno
1944 1083 2038 1125 auri
2061 1089 2104 1126 et
2127 1084 2180 1126 de
2202 1083 2340 1127 calice

535 1155 748 1196 deaurato
775 1167 876 1195 curn
909 1153 1050 1194 fixura
1082 1151 1266 1194 cristalli
1300 1151 1460 1206 lapidis
1491 1151 1535 1193 in
1569 1151 1714 1193 medio
1747 1158 1789 1193 et
1823 1151 1923 1206 alijs
1951 1151 2215 1196 vtensilibus
2246 1166 2340 1208 per-

534 1224 781 1267 tinentibus
813 1225 867 1266 ad
900 1223 1040 1265 altare
1073 1222 1326 1277 sumptibus
1357 1229 1400 1264 et
1432 1221 1638 1277 expensis
1672 1221 1794 1264 Dicti
1833 1221 2016 1265 Roberti
2049 1221 2250 1277 magistri
2273 1221 2341 1265 sui

534 1293 699 1349 pariter
720 1300 763 1336 et
786 1294 839 1336 de
872 1292 963 1335 suis
995 1292 1184 1347 propriis
1217 1291 1485 1348 Quiquidem
1521 1293 1744 1335 Robertus
1775 1306 1826 1334 eo
1858 1298 2058 1347 tempore
2089 1291 2341 1348 prepositus

534 1362 719 1418 predicti
752 1362 877 1417 burgi
910 1361 1135 1404 edificauit
1167 1361 1409 1416 pretorium
1437 1376 1490 1404 ex
1514 1368 1639 1416 parte
1672 1361 1836 1405 boreali
1865 1361 1909 1403 in
1935 1362 2028 1405 foro
2060 1361 2104 1404 in
2136 1361 2342 1418 opposito

533 1433 678 1476 crucis
724 1432 978 1487 sumptibus
1019 1439 1062 1475 et
1104 1431 1311 1487 expensis
1357 1432 1696 1475 communitatis
1738 1433 1797 1474 Et
1839 1438 1933 1474 erat
1974 1431 2039 1474 vir
2081 1431 2125 1474 in
2167 1431 2341 1476 cunctis

533 1517 740 1558 prospere
773 1517 910 1558 agens
931 1502 1058 1545 fortis
1087 1509 1129 1545 et
1160 1503 1306 1545 audax
1334 1509 1377 1544 et
1407 1502 1516 1557 obijt
1549 1502 1594 1544 in
1626 1502 1741 1545 bello
1774 1503 1827 1544 de
1859 1502 2054 1545 harelaw
2079 1508 2122 1544 et
2155 1515 2255 1544 cum
2289 1516 2340 1544 eo

532 1574 681 1629 plures
709 1575 952 1628 burgenses
983 1572 1230 1616 laudabiles
1262 1571 1545 1615 invariabiles
1577 1571 1889 1615 honestatibus
1917 1571 2103 1615 radicati
2133 1571 2341 1627 omnique

532 1643 752 1698 probitate
802 1643 1004 1686 innouati
1047 1657 1234 1698 quorum
1278 1643 1461 1686 nomina
1507 1649 1686 1698 propter
1732 1642 1946 1697 temporis
1991 1642 2257 1686 breuitatem
2298 1649 2341 1686 et

532 1714 763 1757 nominum
807 1714 1047 1757 errantiam
1092 1714 1287 1769 expremi
1332 1729 1420 1756 non
1465 1721 1652 1769 possunt
1695 1720 1742 1756 ut
1785 1715 1958 1756 deceret
2000 1712 2044 1755 in
2086 1712 2341 1756 defensione

531 1783 633 1826 ville
675 1791 717 1826 et
759 1798 837 1838 pro
878 1784 1018 1838 patrie
1061 1783 1265 1827 libertate
1303 1785 1383 1827 sub
1419 1783 1580 1826 vexillo
1621 1783 1789 1826 domini
1825 1782 2064 1825 Alexandri
2107 1782 2340 1826 senescalli

532 1852 709 1896 comitis
745 1852 904 1896 marrie
937 1855 997 1895 Et
1031 1853 1232 1908 sepultus
1269 1853 1415 1896 dictus
1454 1854 1677 1896 Robertus
1698 1854 1815 1894 Ante
1837 1852 1990 1894 Altare
2027 1858 2181 1895 sancte
2212 1853 2340 1895 Anne

532 1922 576 1965 in
609 1922 798 1966 ecclesia
830 1922 1074 1977 parochiali
1106 1922 1305 1978 predicta
1338 1922 1477 1966 Cuius
1509 1922 1656 1966 anime
1689 1921 1952 1964 misereatur
1985 1922 2109 1964 Deus

648 2062 723 2115 [Y]
738 2076 869 2116 mago
916 2061 1060 2104 sancti
1111 2061 1318 2104 Nicholai
1363 2063 1417 2104 ad
1461 2060 1716 2103 Australem
1766 2066 1939 2115 partem
1986 2058 2137 2114 magni
2173 2058 2340 2102 Altaris

533 2132 723 2185 desuper
749 2130 915 2173 situata
936 2131 1017 2173 fuit
1041 2132 1096 2174 ab
1119 2131 1250 2173 inicio
1273 2131 1436 2174 fabrice
1459 2130 1644 2173 ecclesie
1667 2144 1800 2185 quarn
1823 2130 2046 2184 quondam
2072 2129 2339 2183 Radulphus

532 2201 663 2243 voket
686 2200 898 2255 prouidus
925 2200 1158 2256 burgensis
1183 2207 1383 2256 tempore
1407 2215 1486 2244 suo
1509 2199 1742 2244 renouauit
1766 2199 1810 2242 in
1833 2199 2006 2254 pictura
2029 2197 2168 2242 Cuius
2190 2197 2338 2241 anime

534 2269 797 2312 misereatur
821 2271 945 2312 Deus

650 2409 724 2462 [A]
738 2421 827 2451 nno
852 2408 1034 2451 Domini
1059 2408 1300 2452 Millesimo
1321 2408 1627 2452 tricentesimo
1651 2405 1928 2463 sexagesimo
1953 2407 2149 2449 secundo
2172 2407 2338 2449 Potens

534 2477 741 2521 dominus
765 2478 988 2521 Dominus
1010 2480 1260 2522 Alexander
1282 2481 1334 2523 de
1356 2480 1501 2523 forbes
1523 2481 1576 2522 de
1598 2480 1753 2521 eodem
1786 2477 1914 2520 miles
1940 2477 2162 2532 reparauit
2184 2477 2337 2520 Altare

533 2548 662 2590 beate
683 2548 811 2590 Anne
834 2549 886 2590 de
908 2562 995 2590 vno
1017 2548 1286 2592 vestimento
1307 2548 1473 2592 volueti
1505 2547 1640 2604 varijs
1671 2547 1892 2591 coloribus
1923 2546 2018 2589 auri
2046 2552 2168 2589 texto
2197 2545 2337 2590 Cuius

534 2616 680 2659 anime
703 2616 967 2659 misereatur
990 2618 1114 2660 Deus
