2524 3418
628 304 902 359 Confirmatio
933 303 1076 345 Iacobi
1106 303 1258 345 huntur
1288 303 1335 344 de
1367 307 1475 344 term
1505 303 1807 358 capellanorum
2039 306 2120 358 265

318 419 423 474 dictj
460 418 580 474 chorj
615 420 668 461 de
701 433 909 473 suprema
941 418 1122 461 domina
1158 425 1310 460 nostra
1342 418 1494 473 regina
1526 433 1627 460 cum
1663 417 1755 460 suis
1792 419 2122 461 successoribus

318 490 496 545 regibus
528 505 606 532 seu
639 489 803 544 reginis
827 489 964 532 scotie
997 489 1041 531 in
1072 490 1200 531 feodo
1232 496 1274 531 et
1308 489 1553 531 hereditate
1586 503 1637 531 ac
1670 488 1715 529 in
1748 488 1883 530 libero
1910 489 2122 543 burgagio

316 560 418 602 inde
444 559 772 614 imperpetuum
801 574 901 601 cum
935 559 1054 613 omnj
1088 560 1189 601 Iure
1221 565 1264 600 et
1299 559 1590 601 Iurisclameo
1621 558 1752 600 titulo
1781 558 2051 612 proprietate
2081 565 2123 600 et

317 629 598 684 possessione
621 643 672 671 ac
696 644 798 671 cum
821 629 1028 671 omnibus
1047 629 1145 671 aliis
1163 635 1205 670 et
1225 628 1412 683 singulis
1430 628 1709 670 libertatibus
1731 627 2125 669 commoditatibus

318 705 360 741 et
384 698 647 741 asiamentis
665 713 716 740 ac
736 699 874 741 Iustis
891 699 983 740 suis
1005 698 1287 753 pertinentiis
1305 699 1451 752 quiete
1469 698 1666 752 plenarie
1685 699 1864 752 Integre
1886 698 1996 739 bene
2019 704 2062 739 et
2080 697 2124 738 in

316 783 426 823 pace
449 768 543 810 sine
565 768 887 822 impedimento
909 768 1141 811 obstaculo
1164 775 1240 810 aut
1262 768 1547 810 reuocatione
1565 767 1902 821 quibuscunque
1925 767 2125 823 QUAM-

318 839 542 881 OBREM
577 838 682 893 dictj
717 846 899 881 curatus
931 845 973 880 et
1007 838 1225 892 capellanj
1261 844 1303 879 et
1337 852 1487 879 eorum
1524 851 1805 879 successores
1839 836 2124 878 celebrabunt

317 914 393 950 aut
427 908 650 950 celebrare
681 908 844 950 facient
881 922 1015 950 vnam
1053 908 1236 950 missam
1273 922 1352 961 pro
1390 907 1533 949 salute
1570 907 1718 949 anime
1756 921 1852 948 mee
1889 911 2123 960 parentum

315 983 358 1019 et
381 977 714 1020 benefactorum
745 992 945 1019 meorum
976 984 1018 1019 et
1048 977 1249 1019 omnium
1279 976 1476 1018 fidelium
1500 976 1809 1018 defunctorum
1839 976 1957 1029 apud
1986 974 2125 1017 altare

317 1046 459 1101 sanctj
485 1046 666 1102 martinj
691 1043 804 1089 i'nfra
826 1047 993 1089 dictam
1021 1046 1257 1088 ecclesiam
1288 1045 1505 1088 situatum
1530 1045 1573 1086 in
1597 1045 1666 1087 die
1690 1044 1913 1087 dominico
1937 1043 2126 1098 singulis

317 1116 609 1159 hebdomadis
646 1116 973 1171 imperpetuum
1008 1117 1073 1158 Ac
1110 1115 1246 1157 etiam
1282 1115 1487 1157 faciendo
1519 1114 1620 1156 inde
1654 1113 1886 1156 annuatim
1920 1126 2126 1167 supreme

316 1192 467 1228 nostre
498 1185 649 1240 regine
682 1192 724 1228 et
758 1186 850 1228 suis
883 1185 1216 1228 successoribus
1249 1184 1479 1226 seruitium
1513 1183 1776 1238 burgagium
1800 1183 1901 1225 inde
1927 1182 2125 1224 debitum

317 1260 360 1296 et
383 1261 648 1297 consuetum
678 1260 856 1296 tanturn
890 1270 967 1309 pro
1000 1255 1120 1309 omnj
1146 1254 1232 1296 alio
1255 1269 1387 1296 onere
1411 1260 1452 1295 et
1477 1254 1658 1295 seruitio
1682 1253 1869 1307 secularj
1894 1252 2126 1294 exactione

318 1337 397 1365 seu
420 1324 642 1365 demanda
665 1337 749 1377 que
771 1324 824 1365 de
847 1323 1045 1378 predicto
1069 1338 1218 1366 annuo
1245 1323 1419 1365 redditu
1452 1338 1553 1364 cum
1587 1321 1869 1377 pertinentiis
1891 1322 1944 1363 de
1966 1327 2062 1363 tota
2084 1327 2126 1363 et

317 1391 491 1447 integra
522 1399 641 1435 terra
678 1407 778 1435 mea
815 1408 917 1435 cum
955 1393 1084 1435 horto
1121 1393 1321 1435 eiusdem
1361 1391 1675 1447 suprascriptis
1708 1406 1809 1434 cum
1847 1389 2128 1445 pertinentiis

316 1461 499 1516 prefatis
528 1468 683 1504 curato
710 1468 753 1504 et
781 1461 1026 1516 capellanis
1058 1469 1101 1504 et
1134 1463 1375 1503 eorundem
1406 1460 1740 1503 successoribus
1772 1459 1816 1501 in
1849 1459 2056 1501 omnibus
2084 1464 2127 1500 et

317 1544 396 1585 per
426 1529 577 1573 omnia
608 1530 752 1572 forma
786 1536 828 1572 et
862 1531 1022 1572 effectu
1058 1536 1104 1572 vt
1141 1530 1410 1585 premissum
1449 1536 1516 1571 est
1550 1535 1705 1571 contra
1737 1542 1893 1570 omnes
1916 1527 2128 1570 mortales

318 1597 700 1640 varantizabimus
741 1598 1098 1653 acquietabimus
1134 1605 1177 1640 et
1219 1598 1548 1652 imperpetuum
1592 1597 1880 1639 defendemus
1922 1596 2129 1638 omnibus

318 1666 419 1709 dolo
452 1673 495 1708 et
527 1667 680 1709 fraude
713 1666 900 1709 seclusis
934 1668 986 1709 In
1020 1666 1147 1709 cuius
1178 1667 1239 1721 rej
1275 1666 1586 1708 testimonium
1621 1665 1817 1720 sigillum
1853 1680 2002 1707 meum
2033 1680 2129 1720 pro-

320 1734 465 1790 prium
488 1735 591 1777 huic
614 1735 809 1790 presentj
835 1735 988 1778 charte
1014 1735 1289 1777 fundationis
1322 1750 1419 1777 mee
1453 1734 1778 1789 subscriptione
1806 1748 1906 1776 mea
1929 1734 2126 1788 manualj

320 1803 569 1858 subscripte
606 1803 801 1858 sigillum
840 1819 989 1846 meum
1027 1803 1254 1858 proprium
1292 1818 1466 1846 necnon
1504 1803 1699 1858 sigillum
1737 1802 2010 1845 honorabilis
2045 1802 2126 1857 virj

318 1872 492 1926 gilbertj
518 1872 749 1927 malysone
771 1871 901 1914 vnius
930 1872 1196 1914 balliuorum
1230 1871 1334 1926 dictj
1361 1871 1486 1926 burgj
1516 1886 1567 1914 ac
1600 1871 1767 1914 datoris
1800 1871 1947 1913 sasine
1979 1871 2130 1914 huius-

319 1940 437 1995 modj
464 1947 567 1983 sunt
596 1954 795 1995 appensa
820 1941 950 1994 Apud
978 1940 1187 1982 abirdene
1208 1940 1425 1994 vigesimo
1458 1941 1653 1982 secundo
1686 1939 1755 1981 die
1788 1939 1955 1981 mensis
1978 1939 2130 1994 aprilis

318 2023 436 2052 anno
481 2008 648 2063 dominj
693 2008 931 2051 millesimo
974 2008 1332 2063 quingentesimo
1374 2008 1744 2063 quinquagesimo
1786 2008 1924 2050 tercio
1967 2010 2128 2052 Coram

318 2078 509 2121 testibus
550 2078 803 2120 Alexandro
850 2078 1081 2132 malysone
1132 2078 1298 2119 andrea
1349 2077 1499 2132 herwy
1541 2077 1780 2118 alexandro
1822 2077 1908 2131 kay
1949 2076 2129 2119 henrico

319 2147 487 2202 nachty
522 2146 734 2188 vilhelmo
777 2147 958 2200 barelay
993 2161 1080 2188 vno
1123 2146 1460 2200 sergiandorum
1503 2145 1608 2199 dictj
1653 2145 1778 2199 burgj
1823 2152 1866 2187 et
1910 2146 2128 2200 Magistro

320 2215 522 2257 Iohanne
552 2215 756 2269 kennedy
785 2214 930 2257 scriba
960 2214 1186 2269 communj
1219 2214 1418 2256 eiusdem
1448 2213 1575 2267 burgi
1604 2228 1706 2255 cum
1736 2213 1924 2255 diuersis
1953 2214 2052 2256 aliis

495 2307 749 2349 Concordat
781 2306 972 2347 Presens
1001 2304 1142 2360 Copia
1172 2319 1273 2347 cum
1303 2304 1538 2359 principali
1569 2310 1692 2346 carta
1725 2304 2021 2347 collacionata
2053 2320 2130 2360 per

494 2388 565 2416 me
587 2373 812 2416 notarium
835 2373 1062 2428 publicum
1090 2372 1392 2427 subscriptum

610 2443 682 2485 Ita
703 2448 771 2485 est
795 2442 1010 2497 magister
1043 2442 1269 2484 Iohannes
1291 2442 1495 2496 kennedy
1518 2440 1663 2483 scriba
1694 2440 1819 2495 burgj
1844 2443 1897 2483 de
1920 2441 2128 2485 abirdene

726 2512 790 2553 Ac
813 2510 1014 2553 notarius
1036 2510 1241 2566 publicus
1258 2524 1394 2552 manu
1417 2509 1594 2564 propria

1118 2684 1329 2727 CXXIX.

633 2765 906 2820 Confirmatio
937 2765 963 2807 I
965 2765 1081 2807 acobi
1110 2764 1263 2806 huntar
1292 2765 1339 2806 de
1371 2768 1480 2806 terra
1508 2763 1812 2819 capellanorum

435 2847 683 2889 MNIBUS
716 2846 832 2888 hanc
865 2852 1035 2888 cartam
1067 2845 1243 2887 Visuris
1274 2845 1342 2887 vel
1376 2844 1594 2887 audituris
1619 2844 1811 2887 vicarius
1837 2851 1880 2887 et
1906 2845 2125 2900 capellanj
2158 2854 2314 2889 ῑοι.107ι

490 2915 613 2960 chori
646 2915 832 2958 ecclesie
864 2914 1155 2971 parrochialis
1189 2914 1279 2956 diui
1312 2913 1473 2970 nicolaj
1509 2915 1561 2956 de
1598 2915 1807 2957 abirdene
1844 2921 2045 2958 eternam
2083 2914 2127 2956 in

1187 2985 1247 3015 LL
