2524 3418
163 2136 333 2169 Fundatio

160 2181 276 2212 altaris
293 2181 361 2213 diui

160 2224 283 2256 andree

475 351 530 392 90
1060 339 1272 380 Fundatio
1302 339 1447 380 altaris
1479 339 1570 379 diui
1599 340 1746 380 andree

474 467 606 506 quarn
640 461 765 508 pater
797 454 929 496 habet
960 454 1040 496 sub
1074 468 1154 495 sua
1184 459 1404 507 potestate
1436 452 1480 493 in
1512 452 1651 494 filium
1683 452 1838 495 mereri
1870 454 2047 497 valeant
2081 456 2273 511 recipere

472 530 514 564 et
558 523 780 578 possidere
819 525 878 565 Et
920 537 1001 577 ego
1043 537 1147 565 uero
1189 522 1386 576 prefatus
1434 523 1641 565 matheus
1680 523 1827 565 fechat
1871 523 2055 567 heredes
2100 525 2184 580 mej
2229 533 2272 569 et

473 592 558 634 mei
610 593 824 647 assignatj
875 607 1030 634 omnes
1080 598 1121 634 et
1174 591 1373 646 singulos
1424 606 1596 634 annuos
1647 592 1866 635 Redditus
1917 601 2174 648 prenotatos
2224 595 2268 638 in

471 677 626 716 puram
661 669 703 704 et
738 669 996 717 perpetuam
1035 661 1315 704 elimosinam
1353 662 1484 704 datos
1518 669 1561 704 et
1598 676 1835 705 concessos
1868 663 2037 718 prefato
2076 664 2264 719 Iohannj

470 732 698 786 collysoun
722 738 763 774 et
787 731 879 774 suis
902 731 1245 774 Successoribus
1268 731 1511 786 capellanis
1534 732 1588 774 ad
1612 731 1780 774 dictum
1811 732 1950 775 altare
1974 733 2269 776 seruientibus

468 800 512 842 in
549 802 754 844 omnibus
787 809 830 844 et
865 816 941 856 per
975 801 1126 844 omnia
1162 807 1210 844 ut
1247 801 1514 856 premissum
1556 808 1623 845 est
1666 809 1821 845 eontra
1863 817 2018 845 omnes
2057 803 2268 846 mortales

467 871 843 914 varantizabimus
874 871 1228 926 acquietabimus
1261 873 1320 914 Et
1356 872 1690 927 Imperpetuum
1723 872 2011 915 defendemus
2045 874 2096 915 In
2130 872 2269 916 Cuius

469 941 550 983 Rei
598 941 904 984 testimonium
958 941 1153 997 sigillum
1206 956 1355 984 meum
1405 957 1507 985 cum
1557 942 1714 998 sigillis
1763 942 1978 985 Iohannis
2023 944 2076 985 de
2124 942 2272 985 kintor

464 1012 594 1055 vnius
630 1013 894 1056 balliuorum
936 1013 1041 1068 dictj
1086 1013 1210 1068 burgj
1255 1028 1307 1056 ac
1348 1013 1516 1056 datoris
1558 1014 1717 1057 Sasine
1758 1013 1976 1056 dictorum
2020 1027 2268 1056 annuorum

467 1081 738 1124 Reddituum
762 1083 931 1137 prefato
955 1083 1145 1125 Iohanni
1169 1083 1398 1126 Collisoun
1423 1083 1615 1126 Nomine
1637 1083 1742 1138 dictj
1763 1083 1918 1126 altaris
1944 1083 2270 1138 Communique

464 1150 620 1205 Sigillo
642 1151 746 1206 dictj
773 1152 897 1207 burgj
923 1166 1024 1194 cum
1045 1151 1201 1208 Sigillo
1226 1152 1436 1207 Richardj
1462 1153 1515 1195 de
1538 1152 1686 1195 kintor
1705 1159 1812 1195 tunc
1831 1153 2041 1208 prepositj
2070 1153 2268 1195 eiusdem

462 1219 586 1274 burgj
611 1220 753 1274 gratia
775 1220 1019 1276 testimonij
1045 1227 1148 1263 sunt
1172 1221 1366 1276 presentj
1388 1228 1508 1264 carte
1530 1236 1728 1276 appensa
1749 1222 1867 1276 apud
1890 1221 2058 1264 dictum
2077 1223 2265 1277 burgum

460 1288 632 1331 decimo
670 1290 844 1332 Octauo
881 1289 951 1332 die
988 1289 1155 1332 mensis
1189 1290 1289 1345 Iulij
1324 1291 1454 1333 Anno
1491 1290 1658 1333 domini
1697 1290 1934 1333 millesimo
1971 1290 2264 1346 quadringen-

457 1358 618 1401 tesimo
655 1359 996 1414 Septuagesimo
1039 1361 1234 1402 secundo
1274 1360 1465 1403 testibus
1508 1360 1732 1403 Richardo
1769 1362 1822 1402 de
1859 1360 2006 1402 kintor
2040 1360 2264 1415 preposito

459 1429 659 1471 Iohanne
693 1431 746 1472 de
783 1429 930 1471 kintor
961 1429 1126 1472 balliuo
1159 1429 1292 1472 dauid
1330 1430 1546 1472 collisoun
1584 1429 1723 1472 altero
1757 1429 2022 1472 balliuorum
2064 1430 2264 1472 Iohanne

457 1513 553 1541 mar
585 1499 784 1541 Iohanne
818 1499 987 1554 scrogis
1019 1499 1151 1542 dauid
1178 1513 1391 1554 symsoun
1424 1499 1676 1541 Alexandro
1705 1498 1895 1541 blinseill
1932 1499 2087 1541 thoma
2117 1499 2265 1541 litstar

455 1569 642 1623 patricio
665 1569 929 1624 baidienagh
952 1571 1125 1612 Adamo
1154 1569 1301 1612 litstar
1329 1570 1484 1612 thoma
1507 1569 1654 1612 litstar
1675 1569 1968 1624 burgensibus
1992 1576 2035 1611 et
2058 1571 2263 1612 duncano

457 1639 680 1681 straloche
703 1641 946 1694 sergeando
970 1654 1071 1682 cum
1094 1639 1250 1682 multis
1273 1639 1372 1682 aliis

574 1709 761 1752 Summa
783 1709 915 1752 huius
937 1709 1182 1765 capellanie
1203 1709 1260 1764 vij
1287 1709 1346 1752 lib
1372 1709 1457 1764 xvij
1476 1724 1497 1751 s
1523 1708 1583 1764 iiij
1601 1710 1628 1752 d

1332 2012 1386 2054 L.

582 2127 829 2171 MNIBUS
866 2128 982 2171 hanc
1023 2134 1194 2172 cartam
1233 2128 1395 2170 visuris
1430 2127 1499 2170 vel
1540 2127 1759 2171 audituris
1802 2128 2027 2171 Iohannes
2067 2129 2121 2170 de
2162 2143 2258 2171 mar

637 2196 869 2250 burgensis
920 2197 1045 2252 burgi
1097 2199 1150 2240 de
1201 2197 1422 2240 Abirdene
1470 2198 1687 2239 Eternam
1739 2196 1784 2238 in
1835 2196 2015 2239 domino
2066 2196 2257 2239 salutem

459 2262 687 2306 Noueritis
719 2279 790 2307 me
821 2280 899 2320 pro
932 2266 1075 2309 salute
1107 2266 1255 2309 anime
1287 2281 1384 2308 mee
1416 2266 1756 2320 animarumque
1787 2272 2023 2320 parentum
2057 2280 2256 2308 meorum

457 2339 789 2376 antecessorum
813 2341 855 2377 et
879 2349 1187 2378 successorum
1211 2350 1411 2378 meorum
1437 2342 1480 2378 et
1507 2335 1706 2378 omnium
1729 2335 1926 2377 fidelium
1949 2335 2257 2378 defunctorum

456 2401 630 2444 dedisse
656 2404 930 2447 concessisse
952 2412 995 2447 et
1018 2405 1272 2460 assignasse
1304 2405 1597 2460 omnipotentj
1632 2407 1714 2448 deo
1745 2411 1788 2447 et
1821 2405 2078 2448 beatissime
2098 2405 2258 2461 virgini

456 2471 593 2514 marie
615 2479 658 2514 et
685 2474 815 2516 beato
836 2476 1010 2517 Andree
1039 2476 1242 2530 apostolo
1271 2482 1314 2518 et
1337 2476 1543 2519 omnibus
1572 2475 1740 2518 sanctis
1769 2489 2059 2529 supernorum
2092 2475 2257 2518 ciuium

455 2540 687 2584 celestium
705 2557 860 2585 omnes
882 2551 925 2586 et
949 2544 1148 2600 singulos
1168 2545 1388 2588 Redditus
1410 2560 1583 2588 annuos
1606 2545 1911 2599 infrascriptos
1932 2545 2005 2600 vnj
2026 2545 2258 2600 capellano

454 2611 509 2652 ad
538 2611 678 2654 altare
707 2613 850 2667 sanctj
874 2615 1048 2657 Andree
1077 2615 1189 2658 infra
1218 2615 1453 2658 ecclesiam
1483 2614 1783 2670 parochialem
1811 2614 1936 2669 burgj
1968 2616 2021 2657 de
2050 2614 2257 2657 abirdene

453 2679 608 2724 diuina
637 2681 879 2737 celebrantj
914 2691 956 2726 et
986 2699 1065 2739 pro
1097 2692 1312 2740 perpetuo
1345 2685 1621 2728 celebraturo
1652 2684 1856 2726 videlicet
1888 2698 2024 2726 vnum
2057 2698 2255 2727 annuum

456 2751 697 2793 Redditum
719 2752 946 2795 trisdecim
977 2755 1218 2797 solidorum
1241 2762 1284 2797 et
1307 2761 1498 2809 quatuor
1526 2753 1807 2796 denariorum
1831 2760 2066 2796 exeuntem
2088 2768 2256 2796 annua-

453 2819 534 2861 tim
558 2827 600 2862 et
623 2821 862 2865 leuandum
886 2825 939 2866 de
961 2831 1078 2867 terra
1099 2825 1338 2867 Alexandri
1370 2824 1596 2867 howisone
1627 2825 1808 2866 Iacente
1840 2823 1884 2865 in
1910 2823 2007 2866 vico
2029 2823 2252 2865 furcarum

453 2889 650 2932 eiusdem
674 2893 799 2947 burgi
822 2893 937 2935 inter
958 2901 1122 2936 terram
1149 2895 1362 2937 Iohannis
1386 2894 1589 2949 stephanj
1619 2909 1671 2936 ex
1700 2894 1854 2936 boriali
1877 2900 2001 2948 parte
2023 2900 2066 2935 et
2088 2899 2252 2934 terram

455 2958 669 3001 Iohannis
701 2963 874 3017 patrieij
904 2964 947 3004 in
982 2965 1249 3019 monymusk
1281 2979 1333 3006 ex
1365 2964 1548 3018 australj
1581 2972 1706 3018 parte
1740 2966 1855 3006 Item
1886 2978 2023 3006 vnum
2055 2977 2253 3006 annuum
