2524 3418
414 344 494 385 114
930 335 1142 377 Fundaiio
1172 335 1371 377 Iohannis
1402 335 1450 376 dc
1479 334 1696 389 Kingorne

411 461 462 488 ex
495 454 619 501 parte
652 449 816 503 borealj
851 456 893 491 et
927 456 1090 491 terram
1113 448 1215 491 ville
1247 450 1300 491 de
1332 447 1572 491 freirtoune
1603 462 1656 490 ex
1685 454 1811 503 parte
1843 447 2027 490 australi
2060 454 2103 491 et
2135 463 2212 491 sex

411 514 576 557 solidos
598 522 640 557 et
663 524 763 558 octo
785 516 990 558 denarios
1012 518 1064 558 de
1081 531 1167 559 vna
1190 523 1307 558 terra
1332 517 1511 558 Iacente
1535 517 1615 559 sub
1639 522 1790 558 monte
1812 516 1955 558 sancti
1979 516 2212 559 katharine

411 596 463 624 ex
486 591 610 637 parte
642 583 906 626 occidentali
937 584 1135 626 eiusdem
1169 584 1335 626 montis
1357 598 1409 626 ex
1431 591 1556 639 parte
1578 597 1665 626 vna
1687 583 1731 625 in
1755 598 1841 638 qua
1872 589 1990 626 terra
2012 598 2065 626 ex
2087 590 2212 638 parte

412 650 614 705 orientalj
646 651 807 694 existat
841 652 1042 694 clibanus
1065 659 1108 694 et
1132 667 1368 694 commune
1390 652 1546 694 venale
1568 666 1621 694 ex
1643 658 1768 706 parte
1800 650 2064 706 occidentalj
2099 651 2215 694 inter

412 727 574 761 terram
610 719 824 762 Ihoannis
855 719 1036 762 cristine
1068 735 1121 762 ex
1153 727 1277 775 parte
1310 719 1495 763 australi
1518 726 1560 762 et
1583 734 1636 762 ex
1664 726 1790 775 parte
1822 720 1962 762 altera
1984 725 2026 762 et
2049 726 2213 762 terram

411 787 578 842 dominj
605 787 813 842 Hugonis
835 789 888 830 de
910 788 1038 830 vellis
1060 803 1112 830 ex
1130 795 1254 843 parte
1277 788 1442 831 boreali
1465 788 1780 843 quamquidem
1803 794 1967 830 terram
1988 788 2214 830 Ihoannes

413 854 530 896 filius
561 854 713 897 thome
745 855 857 898 tenit
889 857 943 898 de
976 870 1046 898 me
1077 856 1122 898 in
1153 857 1281 899 feodo
1313 863 1356 898 et
1393 856 1640 899 hereditate
1671 863 1714 898 et
1747 862 1939 911 quatuor
1975 855 2140 898 solidos
2171 861 2215 898 et

413 928 604 976 quatuor
625 923 831 966 denarios
853 924 906 967 de
928 938 1016 967 vna
1043 930 1161 967 terra
1189 926 1370 967 Iacente
1393 939 1446 967 ex
1467 931 1592 980 parte
1621 924 1887 967 occidentali
1917 923 2023 967 dicti
2045 923 2217 967 venalis

412 989 539 1044 quasi
576 989 620 1032 in
658 991 862 1046 opposito
899 991 1016 1034 dicte
1049 998 1164 1035 terre
1196 999 1239 1035 et
1270 993 1480 1035 torrentis
1517 992 1792 1035 decurrentis
1823 991 2133 1035 molendinarii
2164 1006 2218 1034 ex

413 1064 537 1112 parte
560 1058 825 1102 occidentali
848 1060 1165 1115 quamquidem
1197 1067 1362 1104 terram
1387 1061 1614 1103 Iohannes
1635 1060 1782 1103 dictus
1811 1061 1998 1103 clericus
2019 1066 2142 1103 tenet
2164 1061 2218 1103 de

413 1140 483 1168 me
515 1126 560 1168 in
582 1127 710 1170 feodo
732 1134 775 1170 et
798 1128 1045 1171 hereditate
1077 1129 1193 1171 inter
1223 1136 1388 1171 terram
1413 1129 1629 1172 Iohannis
1657 1129 1758 1172 club
1790 1128 1995 1171 tinctoris
2017 1144 2070 1171 ex
2091 1134 2217 1184 parte

410 1194 595 1237 australi
627 1209 680 1237 ex
711 1202 836 1250 parte
857 1211 946 1239 vna
977 1203 1020 1239 et
1042 1211 1176 1239 vnam
1199 1198 1355 1240 rudam
1378 1203 1492 1239 terre
1521 1203 1739 1240 assertam
1773 1197 1879 1239 olim
1913 1203 2067 1239 sancte
2099 1210 2215 1240 anne

412 1276 465 1305 ex
496 1271 621 1318 parte
654 1264 818 1307 boreali
851 1279 903 1307 ex
934 1271 1060 1320 parte
1092 1266 1232 1308 altera
1263 1266 1506 1308 tenendum
1539 1265 1793 1308 habendum
1826 1265 1945 1308 dicto
1976 1264 2141 1307 vicario
2173 1270 2217 1307 et

413 1330 506 1373 suis
539 1332 870 1375 successoribus
901 1339 944 1375 et
976 1333 1222 1388 capellanis
1257 1333 1411 1375 electis
1448 1347 1525 1388 per
1554 1332 1770 1375 vicarium
1807 1338 1851 1375 et
1885 1333 2218 1387 capellanorum

414 1406 568 1442 sancte
615 1400 759 1443 crucis
806 1408 959 1444 sancte
1006 1401 1145 1444 marie
1191 1408 1234 1444 et
1279 1400 1423 1444 sancti
1467 1400 1700 1443 michaelis
1742 1400 1927 1456 triginta
1973 1400 2220 1443 numeratis

415 1467 509 1510 siue
546 1467 619 1522 qui
657 1483 736 1523 pro
767 1475 968 1523 tempore
999 1469 1162 1511 fuerint
1192 1483 1293 1512 cum
1331 1468 1538 1511 omnibus
1570 1468 1850 1511 libertatibus
1882 1475 1925 1510 et
1960 1468 2098 1511 Iustis
2126 1482 2220 1523 per-

414 1535 622 1578 tinenciis
653 1536 990 1592 quibuscunque
1021 1538 1295 1580 reddendum
1328 1536 1430 1579 inde
1462 1536 1696 1579 annuatim
1731 1536 1911 1579 domino
1942 1543 2095 1579 nostro
2126 1536 2219 1591 regj

416 1604 654 1647 seruicium
687 1605 884 1648 debitum
917 1612 960 1648 et
992 1612 1258 1648 consuetum
1288 1612 1330 1647 et
1360 1606 1681 1648 reseruandum
1711 1604 1847 1647 michi
1870 1604 2044 1647 cunctis
2066 1604 2222 1647 diebus

414 1672 504 1714 vite
546 1687 643 1715 mee
684 1673 870 1716 liberum
911 1680 1219 1716 tenementum
1257 1673 1416 1716 harum
1452 1679 1671 1716 terrarum
1708 1687 1809 1715 cum
1852 1672 2138 1728 pertinenciis
2173 1678 2223 1715 ut

416 1740 586 1783 dictum
622 1747 689 1784 est
732 1742 1031 1797 quodquidem
1073 1742 1260 1785 liberum
1303 1748 1611 1784 tenementum
1653 1747 1753 1796 post
1796 1742 2030 1784 decessum
2071 1755 2222 1783 meum

419 1823 525 1863 pure
567 1815 609 1851 et
653 1809 857 1852 similiter
893 1811 948 1853 do
990 1817 1034 1853 et
1077 1810 1175 1865 lego
1217 1810 1545 1865 imperpetuum
1582 1809 1748 1852 vicario
1789 1816 1832 1852 et
1867 1809 1960 1852 suis
1996 1824 2223 1852 successo-

417 1877 538 1919 ribus
560 1884 608 1920 ut
642 1878 811 1920 dictum
843 1885 910 1921 est
943 1885 986 1921 et
1018 1878 1263 1934 capellanis
1293 1878 1570 1933 temporibus
1599 1878 1926 1921 celebrantibus
1957 1877 2002 1920 in
2035 1876 2224 1920 ecclesia

419 1945 662 2000 parochiali
685 1946 829 1989 sancti
852 1946 1046 1989 nicholai
1069 1946 1303 1990 annuatim
1326 1953 1537 2002 perpetue
1555 1946 1844 1989 celebraturis
1860 1961 1997 1989 vnum
2020 1945 2223 1990 anniuer-

420 2014 585 2056 sarium
608 2028 686 2069 pro
709 2014 860 2057 anima
889 2029 989 2058 mea
1011 2021 1054 2057 et
1078 2014 1314 2058 animabus
1335 2014 1380 2056 in
1402 2014 1659 2070 purgatorio
1685 2014 1993 2057 exercentibus
2025 2015 2106 2057 sub
2138 2013 2223 2056 hac

418 2082 560 2125 forma
587 2082 793 2125 videlicet
815 2082 860 2125 in
883 2083 953 2126 die
976 2083 1120 2138 sabatj
1145 2089 1246 2138 post
1276 2083 1440 2125 festum
1464 2082 1660 2138 corporis
1692 2081 1846 2125 christi
1869 2081 2078 2136 exequias
2110 2095 2224 2123 mor-

419 2157 597 2192 tuorum
631 2150 800 2193 scilicet
832 2151 1017 2206 placebo
1039 2157 1082 2194 et
1105 2150 1244 2206 dirige
1275 2165 1377 2194 cum
1409 2165 1586 2193 nouena
1608 2150 1652 2192 in
1675 2150 1864 2193 ecclesia
1894 2149 2139 2205 parochiali
2171 2150 2224 2192 de

422 2219 640 2260 aberdene
662 2225 705 2261 et
728 2218 772 2260 in
796 2218 865 2261 die
887 2219 1112 2262 dominica
1129 2219 1328 2274 proxime
1347 2225 1560 2274 sequente
1577 2218 1719 2261 oratio
1737 2219 1792 2261 ad
1810 2233 2021 2273 magnam
2040 2217 2224 2260 missam

421 2286 499 2329 fiat
522 2285 584 2329 ita
606 2287 723 2341 quod
746 2287 884 2330 missa
906 2287 1187 2330 dominicalis
1209 2302 1298 2330 non
1321 2287 1590 2342 impediatur
1611 2293 1654 2329 et
1676 2286 1721 2329 in
1743 2287 1813 2329 die
1839 2287 1942 2330 lune
1964 2286 2008 2328 in
2031 2286 2226 2329 crestino

421 2368 558 2396 vnum
596 2354 822 2409 trigintale
860 2355 1098 2398 missarum
1141 2355 1509 2399 celibraturarum
1551 2370 1652 2398 cum
1694 2354 1878 2410 triginta
1920 2354 2226 2397 sacerdotibus

422 2421 577 2465 electis
608 2428 656 2465 ut
690 2437 824 2478 supra
855 2423 929 2478 qui
962 2423 1110 2479 sepius
1133 2430 1176 2466 et
1197 2423 1479 2479 frequencius
1501 2423 1546 2465 in
1568 2422 1724 2467 habitu
1757 2437 1836 2465 suo
1859 2423 1903 2465 in
1926 2423 2061 2465 choro
2092 2423 2227 2465 horas

423 2490 665 2533 canonicas
695 2490 901 2534 intersint
932 2492 968 2534 si
996 2491 1111 2547 tantj
1144 2491 1308 2535 fuerint
1341 2492 1564 2535 sinautem
1597 2491 1878 2546 presentibus
1909 2491 2227 2534 celibrantibus

424 2558 685 2613 obsequium
718 2566 1002 2614 prenotatum
1025 2561 1126 2603 volo
1157 2566 1310 2603 tamen
1333 2561 1449 2615 quod
1470 2559 1664 2602 vicarius
1694 2559 1858 2602 habeat
1885 2560 2108 2615 duplicem
2131 2574 2228 2615 por-

424 2626 598 2669 cionem
630 2641 707 2681 pre
738 2626 838 2670 aliis
870 2629 1220 2683 computandam
1254 2629 1332 2671 Set
1355 2628 1391 2670 si
1418 2627 1649 2682 contingat
1682 2628 1798 2682 quod
1829 2627 2022 2671 vicarius
2042 2628 2111 2671 vel
2135 2627 2227 2683 qui-

425 2708 599 2748 cunque
636 2694 896 2749 capellanus
932 2695 1143 2751 obliuionj
1183 2695 1453 2751 negligentie
1491 2710 1568 2738 seu
1605 2694 1787 2750 pigricie
1824 2710 1901 2738 seu
1939 2696 2088 2751 aliquo
2121 2710 2228 2739 casu

426 2762 569 2804 dictas
592 2762 800 2816 exequias
822 2763 867 2805 in
888 2763 1031 2806 forma
1053 2764 1283 2819 prelocuta
1305 2778 1394 2807 non
1422 2764 1712 2807 celebrauerit
1735 2764 1835 2806 volo
1859 2766 1975 2819 quod
2008 2763 2226 2820 capellani

427 2837 580 2871 sancte
603 2830 747 2872 crucis
769 2837 923 2873 sancte
947 2832 1084 2874 marie
1107 2839 1150 2874 et
1173 2832 1291 2875 beati
1316 2831 1548 2874 michaelis
1577 2846 1628 2874 eo
1657 2846 1775 2874 anno
1798 2832 2052 2887 porcionem
2075 2847 2227 2875 eorum

427 2898 673 2952 percipiant
697 2898 770 2952 qui
793 2898 1033 2953 disponant
1063 2901 1251 2942 eandem
1275 2899 1531 2954 porcionem
1555 2899 1952 2955 proporcionaliter
1973 2900 2088 2942 inter
2108 2899 2230 2955 ipsos
