2524 3418
485 242 554 284 xiv

1218 247 1375 288 Tabula
1407 249 1561 289 Rerum

635 378 802 420 XLIX.
839 379 874 420 F
881 378 1064 421 undatio
1094 380 1261 422 Mathei
1298 381 1466 423 Fechat
1492 382 1545 423 ad
1570 381 1710 424 altare
1734 380 1835 422 Divi
1865 379 2112 423 Michaelis.

747 514 798 555 L.

721 652 798 694 LI.

696 719 799 762 LII.

667 857 798 899 LIII.

674 995 794 1037 LIV.

698 1131 792 1173 LV.

672 1268 792 1311 LVI.

649 1405 797 1447 LVII.

619 1613 796 1655 LVIII.

675 1886 796 1929 LIX.

698 2023 794 2065 LX.

670 2092 793 2134 LXI.

648 2160 799 2202 LXII.

620 2229 796 2271 LXIII.

627 2367 794 2410 LXIV.

655 2506 779 2549 LXV
787 2539 796 2549 .

627 2713 792 2755 LXVI.

949 459 1055 500 1472
1317 481 1325 488 .
1579 481 1586 489 .
1709 480 1717 489 .
1840 481 1848 489 .
1970 479 1978 488 .

834 514 1056 557 Fundatio
1106 515 1318 558 Iohannis
1358 518 1411 558 de
1448 482 1554 559 ·Mar
1598 518 1653 559 ad
1698 517 1837 559 altare
1882 514 1983 558 Divi
2025 516 2110 557 An-

944 585 1090 626 dreae
1156 597 1263 639 1473
1315 617 1323 626 .

834 653 1024 694 Rentale
1046 652 1201 695 altaris
1224 653 1377 695 Sancti
1401 652 1616 708 Stephani
1709 686 1717 694 .

834 720 1057 763 Fundatio
1092 721 1280 764 Recardi
1318 723 1371 764 de
1405 721 1653 764 Ruderfurd
1691 722 1745 764 ad
1778 720 1918 764 altare
1955 683 2109 763 Sancti

944 791 1146 832 Andreae
1169 790 1373 845 apostoli.
1438 803 1547 845 1450
1967 822 1975 830 .

833 858 869 899 F
874 858 1057 900 undat1o
1083 858 1238 901 altaris
1265 858 1418 901 Sancti
1446 859 1692 902 Salvatoris
1713 860 1768 901 ab
1789 860 1966 901 Andrea
1994 858 2110 899 Mur-

944 942 1036 982 ray.
1101 940 1209 983 1497
1707 961 1715 969 .
1837 961 1845 968 .
2099 959 2107 967 .

832 996 1055 1038 Fundatio
1081 997 1286 1039 Andreae
1318 998 1499 1052 Murray
1526 962 1584 1039 ad
1608 998 1748 1039 altare
1777 995 1931 1039 Sancti
1961 959 2112 1037 Salva-

941 1064 1065 1107 toris.
1130 1077 1238 1119 1505
1315 1097 1324 1106 .
1709 1097 1716 1105 .

829 1132 1050 1175 Fundatio
1068 1133 1306 1175 Alexand1i
1327 1135 1485 1188 Irvyne
1508 1134 1561 1175 de
1581 1133 1723 1175 Drum
1747 1134 1801 1175 ad
1819 1133 1958 1175 altare
1979 1131 2107 1174 Beati

946 1200 1143 1243 Niniani.
1208 1202 1318 1255 1456
1707 1233 1716 1242 .

827 1270 963 1312 Carta
980 1269 1217 1312 Alexandli
1238 1269 1385 1312 Bisset
1405 1269 1623 1324 capellani
1646 1268 1800 1312 altaris
1823 1233 1977 1311 Sancti
2000 1268 2109 1310 San-

940 1337 1101 1392 guinis.
1166 1350 1323 1392 1503.
1707 1372 1714 1379 .

832 1405 1056 1448 Fundatio
1086 1406 1301 1449 Iohannis
1339 1409 1444 1449 Prat
1481 1407 1700 1462 capellani
1739 1407 1892 1450 altaris
1924 1408 2107 1449 Sancto-

943 1489 1040 1516 rum
1065 1474 1268 1518 Thomae
1299 1475 1488 1530 apostoli
1525 1483 1568 1518 et
1603 1475 1792 1531 Georgei
1826 1474 2023 1518 martiris
2055 1477 2109 1519 de

941 1559 1090 1588 annuo
1112 1546 1285 1588 redditu
1307 1561 1334 1588 x
1356 1545 1596 1589 solidorum
1621 1553 1847 1601 sequente.
1925 1557 2033 1600 1503
2099 1578 2109 1588 .

831 1613 1055 1656 Fundatio
1083 1615 1286 1657 Andreae
1319 1616 1498 1670 Coupar
1526 1615 1744 1670 capellani
1774 1613 1928 1657 altaris
1954 1613 2108 1657 Sancti

946 1681 1130 1724 Martini
1182 1682 1295 1725 infra
1339 1682 1574 1726 ecclesiam
1626 1683 1925 1738 parochialem
1979 1682 2106 1726 Beati

944 1751 1152 1794 Nicholai
1180 1752 1353 1795 fundati
1380 1754 1433 1795 de
1459 1767 1608 1796 annuo
1630 1753 1804 1797 redditu
1828 1752 1984 1808 viginti
2010 1753 2109 1796 soli-

943 1820 1098 1862 dorum
1122 1827 1349 1875 sequente.
1414 1822 1523 1875 1506
1578 1855 1586 1862 .

831 1887 1054 1930 Fundatio
1090 1888 1245 1931 altaris
1281 1890 1547 1932 Sanctorum
1586 1889 1816 1933 Laurentii
1847 1896 1890 1933 et
1924 1890 2105 1933 Niniani

941 1970 966 1998 a
988 1956 1219 1999 Willelmo
1241 1958 1294 2000 de
1318 1957 1471 2000 Leitht
1494 1959 1547 2001 de
1571 1959 1744 2014 Bernys

830 2024 1048 2067 Redditus
1069 2025 1224 2068 altaris
1248 2025 1402 2068 Sancti
1426 2026 1561 2081 Eligii
1585 2025 1849 2069 confessoris
2099 2060 2107 2068 .

828 2094 864 2134 F
869 2093 1052 2136 undatio
1069 2094 1307 2137 Alexandri
1327 2096 1449 2150 Gray
1467 2102 1621 2138 curato
1640 2103 1683 2138 et
1702 2094 1960 2150 capellanis.
2001 2107 2109 2151 1509

834 2161 1058 2204 Fundatio
1081 2162 1235 2205 altaris
1258 2162 1413 2205 Sancti
1437 2163 1571 2206 Petri.
1636 2175 1743 2218 1455

831 2230 1055 2273 Fundatio
1091 2231 1306 2274 Iohannis
1338 2234 1392 2275 de
1426 2232 1656 2288 Kingorne
1691 2232 1855 2276 vicario
1889 2234 1942 2275 de
1975 2233 2107 2276 Aber-

942 2301 1054 2342 dene
1076 2307 1119 2343 et
1142 2301 1401 2355 capellanis.
1465 2303 1574 2356 1438
2096 2335 2104 2343 .

830 2368 1053 2412 Fundatio
1097 2370 1312 2425 Stephani
1354 2372 1407 2414 de
1450 2370 1658 2414 Balcroni
1703 2372 1758 2414 ad
1800 2371 1940 2413 altare
1966 2335 2106 2414 Beati

942 2438 1553 2494 Stephaniprothomartiris.
1617 2453 1726 2494 1444

830 2508 966 2550 Carta
999 2508 1273 2552 fundationis
1305 2524 1382 2564 pro
1413 2509 1716 2552 anniversario
1753 2509 1969 2564 Stephani
2005 2510 2106 2552 Bal-

940 2591 1049 2632 rony
1090 2585 1132 2620 et
1175 2592 1253 2633 pro
1295 2578 1621 2622 sustentatione
1672 2578 1891 2634 lampadis
1938 2580 2107 2622 Beatae

942 2645 1111 2689 Mariae
1143 2653 1186 2689 et
1220 2647 1349 2690 Beati
1377 2647 1599 2690 Nicholai.
1663 2660 1773 2702 1454
1834 2681 1843 2689 .

826 2715 962 2757 Carta
984 2729 1218 2769 processus
1240 2717 1294 2758 de
1314 2722 1432 2759 terra
1455 2716 1647 2772 Philippi
1668 2717 1880 2759 Dunbrek
1906 2731 2105 2771 recuper-

937 2790 1013 2826 ata
1035 2791 1189 2827 curato
1211 2792 1254 2827 et
1273 2785 1516 2840 capellanis
1532 2785 1706 2840 collegii
1725 2785 1878 2828 Sancti
1898 2785 2104 2828 Nicholai

937 2853 990 2894 de
1012 2854 1241 2895 Aberdene
1308 2885 1318 2896 .

2190 343 2284 368 PAGE

2229 446 2283 499 87

2225 595 2281 637 90

2227 664 2282 706 92

2223 787 2281 830 ib.

2225 937 2283 980 94

2227 1073 2282 1117 97

2224 1214 2279 1255 99

2200 1349 2281 1380 100

2201 1559 2278 1589 101

2200 1835 2279 1877 103

2199 1961 2279 2003 106

2200 2040 2280 2083 107

2201 2098 2281 2140 108

2199 2179 2280 2209 110

2197 2316 2277 2357 113

2199 2453 2278 2496 115

2200 2650 2280 2692 118

2194 2868 2270 2896 121
