2524 3418
471 267 492 296 2
978 251 1042 291 Dc
1075 247 1287 303 Responsis
1320 247 1343 288 I
1349 247 1431 287 ulio
1463 245 1606 288 Cesari
1639 244 1770 286 missis

473 367 637 411 mentie
674 367 805 409 simul
841 372 883 407 et
919 362 1195 407 austeritatis
1232 360 1388 404 direxit
1428 358 1657 415 Epistolas
1694 371 1880 413 quarum
1917 356 1953 399 si
1990 355 2156 412 priores
2192 356 2276 398 hoc

472 445 716 494 spontanee
743 434 1031 479 subiectionis
1053 439 1095 476 et
1119 430 1242 487 pacis
1265 430 1390 485 quasi
1424 429 1597 485 proprie
1630 427 1789 471 salutis
1810 427 1960 470 forsan
1985 428 2277 469 Immemores

470 509 614 550 fronte
650 512 809 560 rugata
846 503 1004 546 stolide
1046 506 1257 556 respuant
1295 507 1340 542 vt
1379 500 1543 542 alteras
1580 497 1662 541 sibi
1700 497 1916 541 bellorum
1960 495 2112 538 literas
2154 508 2277 537 man-

473 576 644 620 dauerit
678 590 728 618 ac
761 572 1001 617 diffidentie
1026 576 1299 626 presentarct

633 841 698 882 Dc
721 836 914 893 responsis
936 849 1073 877 corum
1094 847 1237 889 regum
1259 831 1497 875 literattorie
1519 831 1631 873 Iulio
1652 829 1786 872 missis
1809 829 2049 886 Capitulum
2074 841 2124 883 15

618 918 938 965 UIUSMODI
962 931 1064 959 vero
1094 929 1195 958 cum
1219 914 1460 957 Audissent
1493 914 1639 966 Reges
1668 911 1881 954 nuncium
1911 909 2130 965 indignati
2155 910 2284 953 valde

673 989 795 1033 breui
817 986 1111 1030 rescribentes
1133 984 1235 1027 stilo
1259 985 1340 1027 sub
1357 998 1443 1025 vno
1459 989 1612 1025 tenore
1635 981 1861 1024 coniuncti
1883 995 2097 1035 responsa
2118 981 2284 1024 dabant

477 1063 556 1107 tali
598 1063 739 1105 forma
783 1061 930 1113 Reges
973 1062 1197 1100 scotorum
1240 1055 1549 1110 pictorumque
1590 1067 1697 1095 voce
1739 1066 1936 1094 consona
1979 1053 2284 1094 Romanorum

478 1132 643 1176 ciuium
678 1129 792 1173 Iulio
829 1127 1104 1184 procuratori
1137 1126 1327 1168 salutem
1362 1123 1552 1167 dicimus
1580 1129 1623 1165 et
1653 1136 1808 1177 pacem
1842 1121 1877 1163 si
1911 1136 1994 1175 que
2027 1127 2130 1164 sunt
2162 1120 2286 1176 pacis

479 1202 628 1258 sapias
646 1207 687 1244 et
707 1199 866 1243 salutis
884 1205 926 1241 et
942 1203 1088 1240 cetera
1106 1197 1173 1239 Ad
1196 1195 1312 1238 hanc
1335 1193 1584 1237 clausulam
1604 1193 1672 1234 Ne
1688 1198 1820 1247 putas
1836 1192 1873 1234 O
1890 1206 2015 1234 cesar
2031 1191 2188 1246 puerili
2205 1205 2288 1233 nos

480 1287 600 1316 more
632 1271 798 1314 talibus
830 1267 1138 1312 adulationum
1166 1264 1317 1308 seduci
1343 1278 1474 1319 posse
1503 1262 1734 1317 blanditijs
1761 1263 1876 1316 quod
1900 1262 1954 1304 ab
1977 1261 2129 1304 innate
2160 1260 2288 1304 nobis

480 1357 640 1387 amena
662 1340 886 1394 nobilique
907 1337 1127 1381 libertatis
1143 1335 1346 1391 peruium
1365 1349 1451 1389 quo
1482 1335 1516 1385 [Ρ
1532 1332 1686 1389 peruia
1709 1335 1812 1388 qua]
1842 1331 1982 1375 nostri
2004 1331 2111 1375 dicti
2126 1345 2288 1387 vparen-

479 1421 548 1457 tes
563 1427 644 1468 ope
663 1413 844 1454 deorum
861 1408 1030 1452 suffulti
1049 1421 1223 1462 semper
1239 1406 1363 1449 ibant
1381 1419 1469 1448 non
1485 1419 1510 1447 a
1525 1403 1717 1447 dexteris
1732 1404 1787 1446 ad
1802 1402 2039 1446 senistram
2057 1403 2290 1446 flectentes

481 1498 558 1540 per
583 1482 742 1526 callem
771 1479 948 1523 Inuiam
971 1476 1174 1534 generosi
1201 1476 1346 1519 cordis
1372 1475 1531 1530 cuique
1552 1480 1718 1517 tortam
1741 1488 1944 1528 asperam
1967 1479 2010 1516 et
2033 1472 2288 1516 horribilem

482 1553 632 1597 seruili
653 1552 768 1595 valle
789 1550 997 1594 teterima
1019 1548 1174 1592 deuios
1205 1548 1392 1590 errando
1423 1547 1640 1589 deducere
1660 1545 1812 1588 valeas
1834 1545 1948 1588 Cum
1971 1543 2054 1586 hec
2082 1542 2290 1598 precipue

483 1638 567 1679 que
598 1621 916 1666 blanditiarum
951 1617 1266 1674 insipientibus
1303 1622 1409 1672 apta
1445 1614 1718 1658 conueniunt
1750 1613 1936 1669 pignora
1970 1619 2046 1656 tue
2078 1611 2290 1667 legationi

483 1693 713 1737 defuerant
745 1690 944 1746 giracula
965 1688 1035 1731 viz
1055 1687 1124 1730 vel
1147 1701 1281 1743 poma
1303 1700 1389 1741 quo
1412 1684 1614 1729 libationi
1635 1683 1794 1726 fortius
1826 1682 1993 1738 aspirat
2024 1682 2292 1737 gratulando

485 1764 724 1806 stultorum
756 1760 918 1804 leuitas
940 1773 1073 1814 quam
1107 1757 1246 1812 siquis
1277 1770 1463 1811 regnum
1487 1755 1550 1798 eis
1573 1755 1707 1798 libere
1739 1753 1926 1809 genibus
1948 1753 2102 1796 offerat
2134 1767 2290 1808 prouo-

485 1834 607 1876 lutus
626 1830 775 1874 Minas
797 1829 951 1872 itidem
970 1842 1081 1883 quas
1098 1841 1151 1869 ex
1166 1826 1258 1869 tuis
1275 1825 1414 1869 literis
1432 1832 1632 1880 tempore
1662 1825 1695 1875 [?
1707 1830 1750 1866 te
1768 1826 1923 1878 nuper]
1953 1829 2181 1866 eructasse
2197 1838 2291 1879 per-

485 1901 617 1957 pendi
640 1899 801 1956 poterit
824 1912 981 1954 parum
1004 1897 1229 1940 timendas
1245 1896 1314 1938 vel
1332 1894 1469 1937 nichil
1488 1893 1767 1937 decernimus
1785 1907 1887 1936 cum
1904 1907 1981 1936 eas
1997 1907 2086 1935 non
2109 1894 2291 1936 deorum

486 1971 629 2014 exisse
662 1983 894 2025 speramus
926 1969 1103 2011 decreto
1126 1967 1203 2009 sed
1226 1965 1412 2008 notabili
1446 1971 1521 2007 tue
1544 1963 1893 2019 presumptionis
1925 1963 2113 2006 audacia
2143 1963 2293 2018 potius

488 2040 747 2095 ambiguum
771 2053 859 2081 non
882 2045 949 2080 est
975 2052 1080 2080 nam
1112 2043 1250 2079 temet
1274 2050 1352 2078 seu
1375 2050 1485 2090 quos
1506 2041 1550 2077 te
1571 2034 1724 2077 fateris
1746 2048 1898 2076 eorum
1929 2033 2158 2076 consulem
2190 2048 2292 2077 nus-

488 2125 621 2166 quam
640 2109 905 2152 offendimus
923 2109 999 2150 sed
1018 2121 1160 2162 neque
1177 2105 1387 2148 nouimus
1403 2110 1518 2147 teste
1536 2105 1702 2146 mundo
1721 2103 1862 2146 Nobis
1882 2103 2052 2145 Iniuste
2075 2103 2292 2157 siquidem

488 2179 741 2222 insontibus
758 2178 874 2222 bella
896 2176 1120 2232 promittis
1135 2175 1179 2217 in
1194 2175 1395 2230 proximo
1413 2174 1450 2216 si
1468 2188 1556 2216 non
1571 2171 1827 2215 huiusmodi
1850 2178 2074 2226 pretactas
2091 2172 2295 2226 superius

489 2248 783 2292 adortationis
818 2254 894 2290 tue
932 2253 1157 2290 sectantes
1194 2245 1380 2288 semitas
1413 2243 1597 2299 eliganti
1629 2242 1799 2285 deiecto
1831 2242 2078 2286 nobilitatis
2114 2242 2295 2297 antique

491 2325 608 2361 serto
641 2319 757 2373 quod
789 2316 904 2360 absit
940 2318 1087 2371 Reges
1118 2322 1335 2370 tanquam
1367 2312 1618 2369 blasphemi
1650 2311 1824 2367 proprie
1854 2311 2001 2366 gentis
2034 2311 2296 2366 cunctisque

490 2394 691 2431 monstra
721 2387 899 2442 regibus
921 2387 1073 2429 ordine
1104 2385 1291 2429 rationis
1316 2399 1471 2427 euerso
1493 2383 1761 2426 famulemur
1792 2381 1965 2424 ciuibus
1987 2388 2029 2424 et
2051 2381 2173 2436 regia
2204 2381 2296 2437 dig-

491 2458 632 2501 nitate
653 2457 843 2500 vertices
875 2456 1049 2499 coronis
1081 2456 1300 2498 hactenus
1332 2459 1538 2498 assuetos
1569 2453 1651 2495 sub
1674 2450 1903 2494 seruitutis
1933 2457 2090 2505 torque
2121 2451 2296 2506 lugubri

491 2527 729 2584 precipites
761 2526 920 2569 misere
952 2525 1272 2569 submittamus
1306 2524 1448 2579 Igitur
1473 2523 1555 2566 hec
1587 2521 1714 2565 nobis
1745 2527 1824 2563 tua
1849 2520 2072 2574 legatione
2103 2521 2298 2576 ascripta

493 2614 577 2654 que
600 2599 782 2641 deorum
816 2597 947 2640 simul
971 2603 1013 2639 et
1036 2595 1268 2639 hominum
1297 2595 1478 2638 dissona
1498 2593 1705 2636 videntur
1733 2591 1905 2646 legibus
1938 2591 2086 2633 Deum
2109 2590 2155 2632 in
2177 2590 2298 2633 adiu-

493 2668 657 2711 torium
689 2667 818 2711 nobis
839 2675 882 2710 et
905 2674 1030 2710 tuam
1062 2666 1303 2722 perniciem
1327 2665 1363 2707 si
1386 2672 1464 2707 tua
1486 2663 1618 2707 dictis
1648 2663 1767 2706 facta
1799 2667 2042 2716 sequantur
2072 2661 2299 2716 insurgere

495 2745 644 2793 presto
670 2752 758 2780 non
782 2737 1022 2781 diffidimus
1045 2738 1148 2779 Non
1171 2736 1289 2779 enim
1313 2737 1367 2779 ad
1390 2735 1506 2779 bella
1524 2733 1650 2789 quasi
1673 2732 1925 2788 pompatice
1942 2737 1986 2774 te
2004 2737 2300 2786 prouocantes

496 2808 578 2850 hec
609 2807 894 2851 rescribimus
926 2809 1002 2850 sed
1035 2806 1156 2849 omni
1187 2813 1291 2849 voto
1323 2819 1479 2860 pacem
1512 2803 1727 2846 humilem
1760 2809 1802 2844 et
1835 2801 2080 2856 priscorum
2117 2799 2300 2842 omnino

497 2878 635 2921 saluis
661 2885 838 2936 patrum
864 2877 1178 2921 traditionibus
1204 2883 1328 2920 tuam
1352 2874 1568 2918 intentius
1597 2872 1840 2917 amicitiam
1869 2873 2154 2916 obsecrantes
2180 2870 2298 2914 Nam
