2524 3418
569 258 744 301 Rentale
773 259 1008 301 reddituum
1038 260 1184 302 altaris
1217 261 1324 301 beate
1353 260 1484 301 marie
1516 261 1693 315 virginis
1984 265 2035 305 61

226 379 351 429 parte
365 372 630 429 occidentalj
650 373 847 416 eiusdem
866 373 982 417 inter
996 380 1162 417 terram
1180 373 1379 416 vilhelmi
1396 374 1734 430 fodryngamme
1752 391 1805 418 6)(
1821 383 1946 431 parte
1965 379 2038 420 bo-

224 443 322 487 riali
340 450 383 487 et
401 450 565 487 terram
588 445 813 499 quondam
833 443 1023 486 Dauidis
1044 444 1172 487 traile
1191 459 1244 486 ex
1261 451 1388 499 parte
1405 444 1588 499 australj
1614 445 1654 500 vj
1676 445 1841 488 solidos
1858 453 1901 488 et
1918 446 1990 501 viij
2013 449 2039 489 d

343 515 458 556 Item
495 514 549 556 de
585 520 702 557 terra
742 514 956 556 heredum
994 513 1101 556 dicti
1145 515 1370 569 quondam
1407 514 1541 557 dauid
1578 514 1706 558 traile
1743 521 1785 557 et
1825 516 2041 558 Iohannis

224 597 334 639 gray
378 584 560 627 Iacente
605 583 650 626 in
701 583 746 639 ly
791 584 996 627 buthraw
1042 584 1241 640 predicto
1287 584 1404 627 inter
1448 591 1613 627 terram
1659 586 1843 641 predictj
1887 587 2041 629 thome

226 652 472 708 blyndseile
513 667 567 696 ex
606 659 733 707 parte
775 653 929 696 boriali
971 660 1014 696 et
1056 660 1220 698 terram
1263 654 1462 710 symonis
1503 655 1656 698 blaber
1691 670 1744 698 ex
1779 662 1905 711 parte
1942 672 2041 700 aus-

228 724 328 778 tralj
1751 727 1792 782 vj
1814 742 1834 769 s
1856 734 1899 770 et
1920 727 1994 783 viij
2015 730 2042 771 d

342 797 458 838 Item
490 796 543 837 de
574 801 692 837 terra
723 795 886 837 roberti
916 795 1056 838 fraser
1089 797 1271 838 Iacente
1304 796 1349 838 in
1381 797 1426 852 ly
1457 797 1663 840 buthraw
1691 798 1890 852 predicto
1926 798 2042 841 inter

225 865 450 921 publicam
481 864 600 907 viam
631 863 800 919 regiam
833 879 886 906 6)(
918 871 1044 919 parte
1080 865 1235 908 boriali
1273 872 1316 908 et
1353 872 1520 908 terram
1558 866 1757 908 vilhelmi
1790 868 1843 909 de
1879 867 2040 909 fodrin-

225 949 405 990 gamme
426 949 480 977 ex
500 940 627 989 parte
649 934 834 989 australj
1452 936 1496 991 iij
1521 936 1581 980 lib
1602 937 1643 992 vj
1669 937 1834 980 solidos
1855 944 1898 980 et
1920 937 1993 993 viij
2014 938 2041 980 d

341 1006 458 1047 Item
493 1018 547 1047 ex
582 1018 701 1046 noua
735 1002 1002 1046 fundacione
1039 1004 1283 1047 allexandri
1319 1004 1460 1048 fraser
1497 1007 1723 1060 quondam
1760 1006 1900 1061 patris
1933 1006 2041 1050 dicti

223 1075 385 1130 robertj
428 1089 661 1130 nonnuper
696 1074 891 1129 defunctj
931 1075 1210 1117 memorandi
1247 1076 1364 1130 quod
1400 1075 1485 1118 iste
1520 1091 1696 1120 annuus
1732 1077 1932 1120 redditus
1973 1084 2040 1120 est

225 1160 466 1189 concessus
488 1160 541 1188 ex
561 1145 698 1188 fundo
720 1144 838 1188 dicte
859 1151 976 1187 terre
998 1145 1121 1187 nullo
1144 1160 1246 1187 eum
1269 1147 1534 1200 precedente

686 1239 888 1281 Redditus
909 1239 1087 1282 eiusdem
1107 1240 1255 1282 altaris
1276 1240 1322 1281 in
1344 1240 1431 1282 vico
1453 1240 1579 1295 castrj

340 1335 411 1377 De
446 1340 564 1377 terra
600 1349 684 1389 que
721 1334 884 1378 dicitur
912 1335 956 1390 ly
988 1336 1201 1390 Newport
1234 1350 1369 1390 quam
1400 1341 1556 1377 tenent
1591 1335 1777 1378 heredes
1813 1337 2038 1391 quondam

223 1405 385 1448 andree
402 1405 679 1461 kymysoune
697 1411 739 1447 et
759 1405 986 1447 Iohannes
1004 1404 1122 1447 filius
1140 1405 1302 1459 robertj
1321 1406 1373 1447 de
1391 1405 1529 1459 elgyn
1542 1406 1724 1447 Iacente
1742 1404 1857 1447 inter
1873 1412 2039 1447 terram

225 1475 440 1518 Iohannis
462 1477 516 1518 de
542 1477 721 1532 benyng
746 1490 902 1518 versus
931 1475 1140 1518 occidens
1169 1482 1212 1518 et
1242 1484 1332 1517 tres
1361 1475 1564 1530 publicas
1589 1475 1686 1517 vias
1712 1475 1857 1530 regias
1884 1490 2040 1518 versus

223 1546 401 1589 boriens
423 1545 569 1589 oriens
590 1553 633 1589 et
657 1552 859 1589 austrum
1543 1545 1642 1600 xxvj
1668 1546 1833 1588 solidos
1855 1552 1897 1588 et
1920 1546 1993 1600 viij
2015 1547 2041 1588 d

345 1618 462 1659 Item
485 1618 538 1659 de
560 1623 679 1660 terra
701 1617 927 1672 quondam
950 1615 1119 1671 henricj
1145 1622 1358 1671 prestoun
1381 1630 1515 1671 quam
1539 1630 1657 1658 nunc
1686 1622 1809 1658 tenet
1832 1615 2050 1671 gilbertus

223 1702 402 1730 menzes
426 1689 608 1731 Iacente
627 1703 680 1730 ex
700 1694 826 1743 parte
848 1687 1005 1731 boriali
1021 1686 1107 1729 vici
1130 1687 1264 1742 castrj
1290 1686 1477 1742 predicti
1499 1686 1615 1729 inter
1635 1693 1800 1729 terram
1825 1685 2041 1729 Iohannis

223 1758 384 1813 kyntor
416 1773 468 1800 ex
503 1764 630 1814 parte
666 1757 931 1812 occidentalj
970 1772 1023 1800 ex
1057 1771 1145 1799 vna
1186 1763 1229 1799 et
1271 1762 1436 1799 terram
1478 1757 1560 1799 ade
1602 1757 1780 1811 benyng
1819 1771 1873 1798 6)(
1913 1762 2040 1811 parte

222 1827 427 1884 orientalj
1779 1826 1849 1882 xvj
1875 1826 2040 1869 solidos

339 1901 455 1941 Item
488 1900 542 1941 de
573 1904 691 1941 terra
724 1897 940 1941 Iohannis
973 1897 1154 1940 scherar
1186 1898 1239 1939 de
1277 1898 1380 1939 deer
1417 1898 1600 1939 Iacente
1632 1911 1685 1939 6)(
1720 1903 1846 1952 parte
1883 1896 2038 1939 boriali

221 1968 421 2012 eiusdem
461 1968 547 2024 vicj
572 1967 706 2025 {inter
745 1975 911 2011 terram
965 1966 1181 2010 Iohannis
1228 1968 1378 2010 bowar
1428 1982 1562 2022 quam
1614 1966 1761 2009 dictus
1814 1967 2039 2009 Iohannes

221 2039 402 2082 scherar
428 2038 651 2082 inhabitat
680 2053 733 2081 ex
761 2045 886 2094 parte
908 2037 1112 2092 orientalj
1137 2052 1190 2079 6)(
1219 2052 1307 2080 vna
1340 2043 1383 2080 et
1415 2044 1579 2080 terram
1615 2036 1831 2080 Iohannis
1863 2038 2041 2093 benyng

222 2124 276 2152 ex
297 2115 424 2165 parte
449 2108 715 2164 occidentalj
1824 2122 1852 2150 x
1873 2107 2039 2150 solidos

338 2182 455 2224 Item
478 2181 531 2223 de
552 2186 671 2222 terra
694 2177 912 2222 Iohannis
933 2178 1116 2221 archere
1144 2179 1326 2220 Iacente
1357 2177 1402 2219 in
1433 2178 1553 2220 fossa
1580 2176 1714 2220 castri
1737 2177 1853 2220 inter
1872 2184 2037 2220 terram

221 2249 457 2295 Wilhelmi
479 2250 590 2306 pultj
616 2264 669 2292 ex
690 2255 816 2305 parte
842 2248 1028 2292 australi
1050 2263 1104 2290 ex
1123 2262 1211 2291 vna
1239 2254 1283 2290 et
1317 2262 1601 2291 communem
1633 2247 1752 2290 viam
1784 2247 1952 2303 regiam
1986 2262 2038 2289 ex

221 2326 347 2375 parte
369 2319 524 2375 borialj
549 2319 752 2375 partibus
774 2320 829 2362 ab
851 2319 992 2361 altera
1976 2332 2003 2359 v
2018 2331 2039 2358 s

965 2413 992 2454 I
993 2427 1022 2454 n
1043 2411 1131 2454 vico
1152 2412 1199 2453 de
1210 2411 1307 2467 fu&

338 2508 454 2550 Item
491 2508 545 2550 de
581 2507 721 2550 crofto
757 2505 1003 2549 allexandri
1040 2520 1174 2561 cryne
1206 2506 1336 2560 juxta
1371 2504 1566 2547 riuulum
1598 2509 1807 2546 vocatum
1846 2502 2038 2546 colerike

221 2592 274 2621 ex
295 2583 422 2632 parte
443 2576 628 2632 australj
652 2576 851 2619 eiusdem
1824 2587 1852 2615 v
1873 2572 2039 2615 solidos

1005 2670 1033 2712 I
1034 2684 1062 2712 n
1083 2669 1122 2724 ly
1142 2683 1265 2725 grene

338 2766 454 2808 Item
491 2766 545 2808 de
580 2771 701 2809 terra
733 2764 951 2809 Iohannis
981 2765 1095 2808 Club
1125 2763 1332 2807 tinctoris
1375 2764 1558 2806 Iacente
1589 2778 1642 2806 ex
1674 2769 1799 2818 parte
1831 2762 2035 2817 orientalj

221 2838 500 2890 aqueductus
521 2835 637 2878 inter
657 2843 823 2879 terram
852 2836 1052 2879 eiusdem
1087 2834 1304 2877 Iohannis
1336 2849 1389 2876 ex
1417 2841 1543 2889 parte
1575 2833 1760 2876 australi
1792 2848 1844 2875 ex
1874 2847 1962 2875 vna
1995 2839 2037 2875 et

218 2913 385 2951 terram
407 2906 654 2951 allexandri
676 2907 838 2963 kyntor
860 2922 913 2950 ex
934 2913 1060 2962 parte
1082 2904 1238 2949 boriali
1260 2904 1461 2960 partibus
1484 2905 1538 2947 ab
1560 2904 1702 2947 altera
1819 2903 1847 2958 ij
1873 2903 2039 2946 solidos

2070 1913 2276 1946 Productum
2298 1914 2334 1955 9⁰

2069 1957 2258 1989 decembris

2069 2011 2160 2033 anno
2179 2011 2261 2042 1530

2069 2044 2103 2076 in
2120 2055 2225 2077 causa
2242 2045 2277 2076 M
2295 2050 2309 2076 t

2070 2088 2154 2120 shav
2170 2094 2289 2121 contra

2069 2131 2246 2164 dominum

2069 2175 2230 2207 andream

2069 2219 2204 2251 scherar
