2524 3418
141 2310 197 2344 sol.
219 2313 258 2344 80
269 2308 282 2329 ²

428 337 510 379 204
771 328 929 369 Littera
963 343 1095 369 armue
1126 327 1338 369 Pensiom's
1360 327 1478 382 sacta
1510 327 1743 382 Capellanis
1774 327 1888 368 chori

426 441 633 483 tinenciis
670 442 838 495 prefato
872 442 1085 496 magistro
1117 442 1268 483 thome
1301 455 1479 483 menzes
1511 441 1604 483 suis
1635 441 1869 483 heredibus
1905 447 1948 483 et
1985 439 2225 495 assignatis

427 509 611 552 liberum
645 511 895 551 Immunem
931 511 989 551 Et
1022 517 1309 551 exoneratum
1333 511 1387 552 ab
1410 509 1529 564 omnj
1555 509 1642 551 alio
1664 523 1812 552 annuo
1834 509 2007 551 redditu
2030 515 2072 550 et
2095 522 2226 550 onere

427 579 608 632 dempta
639 593 814 620 summa
846 578 1147 632 suprascripta
1171 579 1222 619 In
1246 578 1452 620 omnibus
1479 585 1521 620 et
1548 592 1624 633 per
1649 578 1799 620 omnia
1829 578 1970 620 forma
1999 577 2163 632 pariter
2183 583 2226 619 et

427 647 584 689 effectu
621 655 666 688 vt
705 647 968 701 premissum
1006 655 1072 689 est
1110 654 1264 690 contra
1301 662 1456 689 omnes
1498 648 1709 690 mortales
1744 647 2122 689 varantizabimus
2157 660 2227 688 ac-

428 716 725 770 quietabimus
747 724 789 758 et
812 717 1137 772 imperpetuum
1156 718 1443 760 defendemus
1466 717 1673 760 omnibus
1695 718 1795 759 dolo
1813 724 1855 759 et
1873 718 2025 760 fraude
2043 716 2229 759 seclusis

430 787 481 827 In
514 785 639 827 cuius
673 785 753 839 Rej
788 785 1094 828 testimonium
1128 786 1230 828 huic
1264 786 1458 841 presenti
1491 792 1612 828 carte
1646 800 1742 827 mee
1775 786 2098 840 subscriptione
2130 800 2229 828 mea

429 854 624 908 manualj
651 854 897 909 subscripte
924 854 1118 909 sigillum
1146 869 1295 897 meum
1323 854 1548 910 proprium
1571 869 1762 896 vnacum
1787 854 1933 909 sigillo
1959 854 2230 897 honorabilis

427 922 506 964 viri
539 922 763 977 alexandrj
798 923 1025 978 ruyerfurd
1056 923 1186 965 vnius
1218 923 1482 965 balliuorum
1514 923 1620 966 dicti
1649 923 1775 977 burgj
1807 938 1858 965 ac
1888 923 2055 966 datoris
2084 923 2230 966 sasine

429 998 471 1032 et
504 991 798 1045 possessionis
829 992 1084 1034 huiusmodi
1117 993 1359 1047 tenementj
1392 992 1593 1034 Aeetiam
1627 992 1821 1047 sigillum
1855 1007 2092 1035 commune
2123 992 2228 1047 dictj

430 1060 555 1114 burgj
599 1061 651 1102 de
693 1060 900 1103 abirdene
943 1067 1046 1102 sunt
1093 1075 1290 1116 appensa
1331 1062 1461 1116 Apud
1507 1061 1715 1103 abirdene
1757 1067 1914 1115 quarto
1955 1061 2024 1103 die
2065 1060 2232 1103 mensis

430 1129 622 1172 octobris
670 1144 787 1172 anno
838 1130 1003 1185 dominj
1048 1131 1284 1173 millesimo
1326 1131 1683 1186 quingentesimo
1735 1131 2074 1186 quadragesimo
2115 1145 2232 1173 nono

429 1212 579 1241 coram
616 1198 806 1241 testibus
842 1199 1175 1242 honorabilibus
1205 1199 1311 1242 viris
1348 1200 1563 1254 magistro
1599 1201 1774 1242 roberto
1816 1200 2036 1242 lumisden
2073 1200 2233 1242 dauide

431 1269 681 1310 andersoun
703 1268 872 1310 valtero
895 1268 1043 1310 cullan
1066 1268 1198 1310 dauid
1222 1283 1318 1310 mar
1345 1268 1532 1323 gilberto
1565 1269 1786 1311 malisoun
1813 1269 2105 1323 burgensibus
2127 1268 2233 1310 dicti

431 1338 555 1392 burgj
581 1338 713 1380 dauid
739 1338 852 1380 Reid
875 1345 917 1380 et
943 1339 1142 1380 Iohanne
1171 1340 1307 1380 Iunor
1339 1338 1606 1393 Sergeandis
1639 1339 1852 1394 magistro
1877 1340 2045 1381 Ioanne
2067 1338 2234 1380 nichol-

431 1421 542 1450 soun
566 1414 608 1449 et
632 1407 847 1462 magistro
871 1408 1038 1449 Ioanne
1061 1408 1265 1462 kennedy
1286 1407 1472 1449 notariis
1494 1407 1683 1462 publicis
1705 1422 1806 1450 curn
1830 1407 2017 1450 diuersis
2039 1407 2140 1462 alijs

606 1548 704 1589 Hec
746 1552 813 1588 est
854 1561 958 1589 vera
999 1553 1041 1589 et
1084 1546 1335 1589 indubitata
1376 1546 1505 1601 copia
1541 1546 1798 1602 principalis
1835 1553 1955 1588 carte
1989 1545 2236 1588 feudifirme

605 1616 900 1659 collacionata
930 1631 1008 1671 per
1039 1631 1109 1659 me
1142 1616 1404 1672 magistrum
1437 1617 1685 1659 Iohannem
1718 1616 1982 1658 nicholsoun
2014 1615 2236 1659 notarium

605 1685 832 1740 publicum
859 1692 902 1727 et
926 1685 1117 1728 scribam
1141 1700 1424 1728 communem
1448 1685 1573 1740 burgi
1596 1687 1649 1728 de
1672 1685 1880 1728 abirdene
1902 1685 2012 1727 nihil
2035 1686 2237 1728 addendo

606 1762 683 1797 aut
705 1755 992 1797 diminuendo
1016 1756 1132 1810 quod
1153 1755 1259 1797 facti
1283 1755 1582 1798 substantiam
1602 1762 1776 1797 mutare
1794 1770 1872 1797 seu
1888 1755 2058 1797 variare
2076 1754 2237 1809 poterit

606 1825 682 1866 sed
715 1825 991 1866 concordans
1023 1839 1124 1866 curn
1158 1839 1238 1866 suo
1270 1823 1504 1879 principali
1533 1824 1737 1879 originali
1759 1825 1812 1866 de
1834 1824 1966 1866 verbo
1988 1823 2033 1864 in
2054 1823 2237 1866 verbum

606 1900 719 1935 teste
743 1893 826 1935 hac
850 1907 949 1935 mea
972 1892 1298 1948 subscriptione
1320 1893 1516 1947 manualj

725 1963 796 2004 Ita
827 1968 894 2004 est
929 1961 1145 2016 Magister
1177 1961 1403 2004 Iohannes
1432 1961 1696 2003 nicholsoun
1728 1960 1928 2003 notarius
1960 1960 2164 2015 publicus
2196 1966 2239 2002 et

839 2030 983 2072 scriba
1000 2030 1251 2072 communis
1273 2030 1398 2084 burgi
1421 2031 1474 2072 de
1497 2029 1705 2072 abirdene
1728 2030 1783 2071 ad
1806 2029 1887 2071 hec
1906 2043 2041 2071 manu
2064 2028 2240 2083 propria

1275 2204 1406 2246 CIII.

437 2298 598 2341 Littera
627 2311 759 2339 annue
780 2296 995 2338 Pensionis
1021 2310 1089 2338 sex
1115 2310 1353 2337 marcarum
1371 2296 1490 2351 facta
1512 2295 1747 2350 Capellanis
1775 2294 1888 2336 chori
1913 2293 2069 2336 ecclesie
2096 2293 2242 2336 Sancti

608 2367 655 2408 N
658 2366 827 2420 icholaij
847 2365 967 2406 huius
990 2365 1110 2419 burgj
1128 2369 1203 2420 per
1222 2364 1479 2420 Prepositum
1500 2364 1693 2405 Balliuos
1719 2364 1895 2405 consules
1916 2367 1952 2404 et
1973 2363 2241 2405 communita-

611 2440 688 2477 tem
715 2435 891 2476 eiusdem
911 2434 958 2475 de
978 2434 1029 2475 M
1032 2433 1232 2475 olendinis
1257 2433 1491 2488 Iusticiarij
1505 2437 1584 2488 pro
1608 2433 1874 2474 celebracione
1896 2437 1933 2474 et
1953 2432 2242 2474 sustentacione

609 2505 728 2546 misse
748 2503 924 2560 corporis
946 2503 1105 2546 Christi
1125 2504 1239 2546 omni
1255 2503 1369 2558 feria
1389 2503 1564 2545 secunda
1577 2507 1653 2558 per
1672 2503 1797 2544 dictos
1818 2502 2044 2558 capellanos

543 2597 583 2638 E
607 2597 648 2638 It
671 2596 786 2639 kend
809 2596 886 2638 tile
915 2597 973 2639 all
1003 2611 1104 2639 men
1127 2597 1180 2639 be
1208 2595 1299 2638 thir
1325 2601 1503 2651 present
1532 2595 1686 2637 lettres
1711 2595 1797 2638 Ws
1825 2582 2029 2637 Prouois't
2061 2593 2242 2637 bailzeis

599 2665 828 2709 Counsaill
867 2667 953 2708 and
990 2659 1264 2709 comr‘nunite
1300 2665 1347 2708 of
1383 2665 1458 2707 the
1501 2665 1640 2720 burgh
1679 2665 1726 2706 of
1763 2664 1971 2707 abirdene
2007 2663 2115 2706 with
2159 2678 2242 2706 ane

437 2740 623 2776 consent
661 2735 748 2776 and
785 2741 935 2776 assent
973 2734 1040 2777 To
1077 2734 1193 2777 haue
1229 2733 1417 2788 assignit
1459 2733 1625 2788 grantit
1662 2734 1749 2775 and
1785 2733 1915 2788 gevin
1952 2734 2052 2775 And
2088 2734 2141 2775 be
2176 2731 2244 2787 yir

437 2810 614 2857 present
641 2803 795 2844 lettres
822 2802 1013 2857 assignis
1046 2802 1217 2858 grantis
1244 2803 1331 2845 and
1357 2801 1471 2857 giffis
1502 2801 1579 2843 tile
1612 2816 1692 2843 our
1716 2801 1844 2844 traist
1872 2801 2092 2844 oratouris
2117 2806 2242 2843 curat

438 2873 525 2914 and
554 2871 788 2926 chaplanis
815 2872 861 2914 of
885 2886 964 2914 our
991 2872 1134 2927 pariss
1162 2871 1260 2914 kirk
1285 2871 1331 2914 of
1354 2885 1407 2926 ye
1437 2870 1532 2913 said
1561 2871 1702 2925 burgh
1733 2871 1868 2913 aucht
1898 2870 2063 2913 markis
2090 2869 2244 2912 vsuale

439 2954 600 2995 money
621 2940 668 2982 of
693 2940 895 2983 scotland
918 2940 964 2983 of
987 2941 1063 2983 the
1091 2941 1252 2983 termes
1279 2940 1366 2982 and
1392 2939 1522 2981 malis
1545 2939 1591 2981 of
1618 2953 1698 2982 our
1731 2939 1896 2982 Iustice
1928 2938 2076 2994 myllis
2098 2938 2144 2981 of
2166 2938 2244 2980 the
