2524 3418
681 346 880 387 Redditus
913 346 1058 387 altaris
1091 346 1236 387 Sancti
1266 345 1409 400 Eligij
1439 345 1671 399 confessoris
2003 360 2082 401 107

283 463 335 502 In
369 474 482 503 cono
512 459 598 502 vici
635 459 817 502 nauium
856 459 1053 503 eiusdem
1088 459 1213 515 burgi
1251 475 1304 503 ex
1340 459 1524 503 australi
1566 464 1691 514 parte
1732 458 1930 502 eiusdem
1971 460 2086 504 inter

280 537 421 573 terras
452 530 586 573 dauid
618 530 801 573 theman
835 536 877 572 et
910 531 1062 572 thome
1091 531 1237 573 Waus
1269 545 1321 572 ex
1353 528 1556 572 orientali
1588 535 1630 571 et
1662 534 1825 571 terram
1861 532 2085 584 quondam

281 599 449 643 henrici
472 614 578 656 crag
599 615 651 643 ex
673 599 937 643 occidentali
955 601 1178 642 reddendo
1196 600 1296 642 inde
1319 598 1552 642 annuatim
1570 597 1712 640 eidem
1736 598 1864 641 altari
1882 598 2087 654 Triginta

283 670 448 713 solidos

400 741 515 782 Item
545 740 598 782 de
620 753 707 781 vna
733 738 857 794 pecia
886 745 1000 781 terre
1034 738 1078 780 in
1110 738 1206 793 futy
1236 737 1479 793 vulgariter
1506 743 1761 792 nuncupate
1798 737 1838 779 le
1870 737 1946 779 but
1981 737 2086 780 olim

281 809 490 852 reddebat
513 808 632 851 dicto
653 807 783 851 altari
806 813 976 862 septem
1010 807 1175 850 solidos
1209 808 1268 849 Et
1301 821 1389 849 non
1421 807 1575 849 reddat
1598 805 1682 848 nisi
1703 805 1860 861 vigintj
1884 806 2089 849 denarios

282 893 365 933 que
386 878 468 921 fuit
491 878 697 921 edificata
719 884 762 920 et
785 877 873 920 iam
897 876 1075 932 penitus
1098 883 1164 920 est
1186 882 1315 919 vasta

398 949 513 990 Item
543 949 596 990 de
624 962 711 990 vno
739 947 879 990 crofto
905 953 1065 989 vocato
1097 946 1137 989 le
1168 946 1353 1001 grethed
1385 945 1634 1001 pertinente
1661 944 1841 988 domino
1870 946 1924 988 de
1954 958 2091 1000 many

283 1019 464 1060 Iacente
500 1016 544 1058 in
573 1016 794 1058 territorio
821 1016 1061 1058 croftorum
1089 1016 1142 1058 de
1173 1014 1404 1058 Rubislavv
1429 1030 1482 1057 ex
1507 1014 1692 1057 australi
1715 1020 1840 1070 parte
1871 1014 1940 1057 vie
1971 1013 2090 1069 regie

279 1100 413 1141 prope
445 1085 485 1127 le
517 1086 752 1127 crabstane
782 1099 937 1127 versus
975 1083 1279 1126 molendinum
1315 1083 1553 1139 Iusticiarij
1587 1084 1810 1126 reddendo
1841 1083 1942 1126 inde
1971 1083 2090 1127 dicto

279 1155 409 1198 altari
431 1154 664 1198 annuatim
688 1153 882 1208 quinque
915 1153 1080 1196 solidos
1111 1160 1154 1196 et
1188 1159 1379 1208 quatuor
1409 1153 1615 1196 denarios
1637 1154 1753 1208 quod
1776 1167 1893 1196 nunc
1919 1153 2090 1196 Iniuste

279 1225 503 1268 detinetur
538 1239 615 1280 per
650 1231 942 1280 occupatores
974 1224 1172 1268 eiusdem
1207 1239 1231 1267 a
1268 1225 1401 1280 longo
1433 1231 1633 1280 tempore
1665 1239 1691 1267 a
1725 1224 1844 1268 dicto
1882 1225 2011 1268 altari
2046 1231 2089 1267 et

280 1294 506 1338 solucione
533 1309 651 1338 nunc
678 1296 862 1338 obtenta

396 1367 512 1408 Item
549 1367 602 1408 de
638 1371 755 1408 terra
793 1364 1009 1408 Iohannis
1047 1379 1142 1407 mar
1178 1364 1222 1406 in
1259 1365 1357 1407 vico
1394 1364 1528 1407 castri
1565 1364 1681 1406 inter
1720 1371 1884 1407 terram
1921 1365 2089 1408 domini

281 1434 496 1478 Iohannis
519 1435 752 1490 stirueling
773 1450 826 1478 ex
841 1450 929 1478 vna
952 1441 995 1478 et
1019 1441 1183 1477 terram
1206 1435 1419 1477 heredum
1443 1436 1668 1489 quondam
1691 1435 1844 1477 thome
1866 1435 2089 1490 chapman

279 1507 334 1549 ab
356 1506 497 1549 altera
517 1507 740 1549 reddendo
763 1505 864 1549 inde
887 1505 1029 1549 eidem
1053 1505 1183 1548 altari
1205 1504 1439 1548 annuatim
1461 1504 1619 1560 viginti
1642 1504 1807 1547 solidos

397 1577 512 1618 Item
541 1576 595 1618 de
616 1581 734 1618 terra
755 1576 929 1618 Andree
951 1575 1134 1618 Ancroft
1166 1576 1347 1617 Iacente
1370 1574 1415 1616 in
1438 1575 1593 1617 eodem
1619 1574 1717 1617 vico
1743 1581 1837 1617 tam
1869 1573 2089 1617 anteriore

278 1658 412 1699 quam
444 1644 652 1687 interiore
684 1644 799 1687 inter
828 1651 994 1687 terram
1026 1644 1252 1699 alexandrj
1292 1645 1453 1687 burnat
1484 1659 1639 1687 versus
1671 1643 1818 1686 oriens
1849 1650 1892 1686 et
1924 1650 2087 1686 terram

278 1713 497 1758 Willelmi
520 1713 722 1757 blinseile
744 1729 908 1769 couper
928 1729 1083 1758 versus
1105 1713 1313 1757 occidens
1330 1714 1554 1756 reddendo
1571 1714 1673 1756 inde
1690 1713 1924 1756 annuatim
1947 1713 2089 1756 eidem

278 1784 408 1829 altari
429 1784 586 1840 vigintj
611 1791 702 1827 tres
724 1785 890 1828 solidos
913 1791 955 1828 et
979 1791 1170 1840 quatuor
1191 1783 1396 1827 denarios

394 1856 582 1898 Summa
604 1854 737 1897 huius
763 1855 1009 1910 capellanie
1031 1855 1072 1910 vj
1097 1855 1157 1897 lib
1178 1870 1206 1897 v
1220 1870 1241 1896 s
1261 1853 1336 1909 viij
1353 1855 1379 1896 d
1404 1853 1618 1909 Exceptis
1640 1853 1833 1908 quinque
1856 1853 2020 1895 solidos
2038 1855 2091 1895 de

279 1925 398 1969 dicto
421 1926 560 1968 crofto
583 1940 668 1980 que
690 1939 779 1968 non
802 1932 869 1968 est
893 1926 1040 1968 soluta

1140 2133 1238 2174 LX.

711 2238 913 2280 Redditzscs
934 2238 1081 2280 altaris
1104 2238 1251 2280 Sancti
1270 2237 1414 2293 Eligz‘j
1434 2237 1668 2293 confessoris

349 2344 388 2385 N
423 2342 578 2398 primis
599 2344 653 2386 de
674 2349 792 2386 terra
814 2345 1038 2398 quondam
1071 2342 1247 2398 gilberti
1281 2344 1492 2398 Ryburne
1524 2356 1642 2385 nunc
1674 2343 1925 2398 pertinente
1956 2344 2089 2386 dauid

405 2412 546 2455 broiss
597 2419 640 2455 et
687 2414 879 2457 donaldo
922 2415 1077 2457 baxter
1123 2412 1380 2468 portionarij
1429 2412 1628 2456 eiusdem
1678 2414 1860 2456 Iacente
1907 2413 1951 2456 in
1992 2413 2090 2456 vico

282 2481 479 2524 Nauium
525 2497 578 2525 ex
618 2483 822 2526 orientali
859 2490 984 2539 parte
1028 2483 1226 2526 eiusdem
1274 2483 1389 2525 inter
1430 2489 1595 2526 terram
1640 2484 1865 2538 quondam
1916 2484 2090 2525 Andree

281 2551 587 2607 lammyntone
629 2569 681 2596 ex
722 2554 887 2597 boreali
924 2569 977 2597 ex
1008 2568 1096 2597 vna
1137 2560 1180 2596 et
1221 2559 1386 2596 terram
1424 2555 1649 2608 quondam
1694 2553 1908 2596 Richardi
1944 2567 2090 2608 ruyer-

280 2621 378 2663 furd
419 2636 472 2664 ex
512 2623 696 2666 australi
738 2624 939 2679 partibus
980 2625 1036 2668 ab
1077 2625 1218 2667 altera
1259 2625 1482 2667 reddendo
1528 2624 1631 2667 inde
1673 2623 1906 2666 annuatim
1947 2623 2090 2665 eidem

281 2690 411 2734 altari
443 2692 600 2747 vigintj
637 2693 802 2737 solidos
1065 2693 1156 2749 [sic]
1191 2693 1441 2749 champane
1473 2694 1716 2737 infeodauit
1749 2693 1918 2736 dictum
1952 2693 2091 2735 altare

280 2761 333 2803 de
355 2761 650 2817 quadraginta
673 2763 838 2806 solidos
860 2765 913 2806 de
939 2765 1095 2807 eadem
1117 2769 1235 2806 terra
1265 2770 1395 2819 prout
1426 2763 1471 2806 in
1504 2778 1585 2807 sua
1616 2762 1881 2806 fundacione
1904 2763 2093 2817 desuper

279 2831 482 2874 confecta
508 2832 683 2886 plenius
714 2834 968 2877 continetur

396 2902 511 2943 Item
546 2902 598 2944 de
634 2908 751 2946 terra
779 2904 998 2947 Willelmi
1032 2904 1223 2947 loremar
1255 2905 1436 2947 Iacente
1471 2903 1515 2945 in
1543 2902 1641 2946 vico
1678 2903 1718 2945 le
1751 2908 1946 2957 gastraw
1978 2901 2094 2943 inter

279 2976 442 3013 terram
465 2971 684 3015 Willelmi
705 2973 854 3016 futhes
877 2989 930 3016 ex
953 2975 1118 3018 boreali
1142 2976 1202 3017 Et
1225 2981 1389 3018 terram
1716 2972 1808 3026 [sic]
1832 2987 1884 3014 ex
1907 2970 2091 3014 australi

2120 2251 2180 2283 fol.
2195 2250 2258 2283 422
