2524 3418
202 2968 260 3001 sol.
278 2967 339 3000 28ยน

464 340 518 381 68
750 334 965 378 Fundacio
996 330 1196 375 Duncani
1227 329 1403 372 Scherar
1431 329 1486 370 ad
1516 328 1645 369 altare
1679 327 1826 369 Sancti
1857 327 1972 369 Petri

465 450 767 495 vniuersitatis
804 445 1108 492 abirdonensis
1146 451 1187 486 et
1230 445 1284 486 ad
1326 444 1544 486 decanum
1587 441 1814 485 facultatis
1859 440 2021 484 artium
2066 441 2139 497 qui
2184 456 2262 496 pro

467 533 664 576 tempore
698 518 858 562 suerint
896 517 971 558 illa
1006 515 1101 557 vice
1138 513 1272 556 libere
1306 511 1525 567 pertineat
1563 511 1658 553 sine
1695 509 2045 553 contradictione
2081 509 2263 564 aliquali

470 593 563 633 Nec
587 590 668 645 ipsi
701 587 830 632 altari
863 585 925 628 sie
958 598 1035 639 per
1067 597 1137 625 me
1169 582 1213 624 in
1240 588 1366 636 parte
1397 581 1582 623 fundato
1604 586 1647 622 et
1670 579 1869 622 bursario
1900 578 2093 633 aliquem
2127 578 2263 621 alium

468 661 747 716 capellanum
771 672 848 699 seu
880 653 1129 698 bursarium
1153 652 1312 694 saltem
1334 650 1426 693 vita
1449 665 1548 693 mea
1570 651 1757 692 durante
1779 655 1925 704 preter
1946 663 2091 692 meam
2113 648 2267 691 volun-

468 738 606 773 tatem
653 730 886 781 Imponere
927 724 1105 766 valeant
1147 735 1225 763 seu
1270 719 1430 775 aliquis
1471 733 1622 762 eorum
1663 719 1810 761 valeat
1852 717 2181 773 quomodolibet
2223 716 2267 758 in

468 802 664 843 futurum
699 799 775 840 Set
808 796 924 851 quod
951 793 1120 837 dictum
1149 797 1455 834 tenementum
1493 796 1536 833 et
1572 789 1707 844 annuj
1743 788 1963 832 Redditus
1999 803 2101 832 cum
2138 786 2269 843 perti-

469 869 638 912 nenciis
669 868 724 911 ad
753 863 1132 909 sustentacionem
1161 860 1291 903 vnius
1324 859 1541 915 capellanj
1571 866 1614 902 et
1643 858 1829 914 bursarij
1861 857 2083 901 studentis
2111 872 2163 901 ac
2192 871 2271 912 pro

470 936 772 982 anniuersario
795 949 894 978 meo
916 940 964 977 ut
987 947 1121 988 supra
1142 937 1242 987 post
1265 932 1498 974 decessum
1529 944 1678 973 meum
1702 928 2058 972 Irreuocabiliter
2087 928 2271 971 sedeant

470 1017 512 1052 et
541 1013 751 1051 maneant
779 1007 1113 1060 Imperpetuum
1138 1000 1297 1044 Eciam
1319 1000 1419 1043 volo
1448 1006 1491 1042 et
1524 999 1678 1042 ordino
1704 1000 1821 1054 quod
1843 999 1989 1042 dictus
2015 998 2273 1054 capellanus

471 1079 659 1134 singulis
695 1076 824 1120 annis
855 1074 1002 1118 obitus
1039 1072 1125 1115 mei
1163 1072 1355 1115 Placebo
1387 1077 1430 1113 et
1463 1070 1611 1125 derige
1643 1076 1773 1113 nocte
1805 1070 2070 1125 precedente
2101 1068 2271 1112 obitum

473 1162 621 1190 meum
645 1152 687 1189 et
711 1145 894 1188 missam
927 1143 972 1185 in
1003 1140 1200 1185 crastino
1232 1140 1453 1183 celebrare
1484 1145 1690 1182 teneatur
1716 1138 1986 1182 TANDEM
2024 1139 2124 1182 volo
2156 1138 2273 1193 quod

473 1218 618 1260 dictus
651 1215 909 1271 capellanus
941 1212 1013 1267 quj
1048 1225 1126 1266 pro
1158 1216 1358 1265 tempore
1389 1208 1519 1252 fuerit
1551 1208 1758 1252 omnibus
1787 1208 1941 1252 diebus
1972 1207 2209 1251 dominicis
2230 1212 2274 1250 et

473 1286 646 1330 festinis
668 1300 719 1329 ae
736 1283 900 1340 vigiliis
921 1282 1161 1325 eorundem
1184 1280 1294 1323 assit
1317 1279 1500 1323 indutus
1522 1278 1830 1334 superpellicio
1854 1278 1898 1321 in
1921 1279 2055 1322 choro
2072 1277 2189 1321 dicte
2206 1291 2275 1320 ec-

475 1357 608 1400 clesie
640 1355 710 1398 uel
733 1355 777 1396 in
801 1354 935 1396 choro
957 1351 1060 1406 nouj
1086 1350 1259 1405 collegij
1291 1351 1346 1393 ad
1375 1349 1705 1404 beneplacitum
1734 1349 1902 1392 domini
1929 1349 2016 1391 mei
2045 1347 2275 1391 reuerendi

477 1425 675 1468 moderni
693 1431 735 1466 et
753 1422 1034 1466 dominorum
1054 1421 1106 1462 de
1121 1419 1316 1474 capitulo
1332 1425 1374 1461 et
1392 1419 1475 1460 hoc
1493 1424 1593 1473 post
1611 1419 1843 1460 decessum
1862 1433 2010 1461 meum
2035 1417 2274 1461 DEMUM

475 1496 575 1537 volo
598 1501 640 1536 et
663 1492 817 1535 ordino
840 1491 956 1545 quod
988 1488 1164 1544 patroni
1187 1488 1304 1530 dicte
1326 1487 1573 1542 capellanie
1595 1493 1638 1529 et
1670 1501 1822 1529 eorum
1846 1487 2028 1542 quilibet
2051 1486 2202 1529 omnia
2233 1491 2277 1528 et

478 1565 654 1618 singula
690 1561 907 1617 premissa
944 1559 988 1601 in
1025 1558 1232 1601 omnibus
1264 1564 1306 1600 et
1339 1571 1416 1612 per
1447 1556 1597 1599 omnia
1630 1563 1677 1599 ut
1709 1557 1957 1611 predictum
1990 1563 2057 1600 est
2089 1556 2279 1600 fideliter

479 1635 715 1676 obseruent
739 1638 781 1673 et
805 1630 1098 1686 perimpleant
1122 1643 1173 1671 ac
1197 1627 1422 1670 obseruari
1449 1634 1491 1670 et
1514 1627 1765 1682 perimpleri
1787 1627 1954 1671 faciant
1976 1634 2105 1683 prout
2127 1627 2211 1682 ipsi
2234 1632 2278 1670 et

479 1717 629 1745 eorum
648 1701 831 1756 quilibet
850 1714 928 1755 pro
946 1714 992 1741 se
1010 1699 1054 1740 in
1073 1697 1319 1741 nouissimo
1337 1696 1539 1740 examine
1555 1697 1774 1740 voluerint
1793 1712 1870 1740 seu
1887 1697 2073 1740 voluerit
2091 1698 2280 1752 desuper

480 1773 765 1827 Respondere
790 1769 1071 1812 INSUPER
1100 1767 1254 1810 ordino
1277 1768 1393 1821 quod
1426 1767 1461 1809 si
1494 1766 1723 1822 contingat
1747 1773 1794 1810 ut
1817 1766 1932 1810 absit
1958 1767 2126 1810 dietum
2149 1765 2279 1809 colle-

477 1842 598 1898 gium
630 1842 816 1884 deficere
848 1847 890 1882 et
925 1838 1072 1881 Inhibi
1101 1837 1302 1880 diuinum
1335 1837 1528 1880 officium
1558 1837 1723 1880 cessari
1755 1844 1854 1893 post
1886 1852 2053 1881 annum
2086 1844 2128 1880 et
2162 1837 2279 1880 diem

478 1919 639 1954 extunc
654 1917 784 1966 prout
799 1924 972 1952 exnunc
987 1907 1341 1951 econtradictum
1356 1906 1724 1950 Anniuersarium
1743 1914 1786 1951 et
1804 1907 2075 1963 stipendium
2092 1906 2278 1962 bursarij

480 1980 749 2037 incorporari
767 1980 881 2023 sicut
899 1981 952 2022 de
970 1977 1165 2034 presenti
1183 1977 1228 2020 in
1245 1992 1426 2033 corpore
1442 1977 1545 2020 vino
1563 1984 1606 2020 et
1624 1985 1815 2020 annecto
1833 1977 2018 2020 ecclesie
2035 1975 2281 2020 cathedrali

482 2049 763 2094 abirdonensi
787 2051 846 2091 Et
870 2050 985 2103 quod
1011 2047 1126 2090 inter
1142 2046 1332 2090 vicarios
1359 2046 1480 2089 chori
1509 2053 1725 2101 quantum
1750 2048 1805 2089 ad
1827 2046 2182 2089 anniuersarium
2205 2046 2280 2088 fiet

481 2121 652 2176 equalis
674 2119 932 2163 distribucio
955 2118 1233 2160 obseruando
1255 2116 1605 2159 nichilhominus
1627 2123 1825 2159 tenorem
1849 2131 1927 2172 per
1949 2131 2018 2159 me
2039 2117 2207 2160 factum
2231 2130 2282 2158 ac

483 2192 518 2234 si
540 2191 695 2233 fuisset
714 2190 758 2232 in
781 2190 876 2245 ipso
899 2187 1085 2243 collegio
1103 2194 1146 2229 et
1169 2202 1221 2230 ex
1238 2193 1345 2229 tunc
1360 2187 1404 2228 in
1422 2186 1611 2229 ecclesia
1629 2186 1872 2229 cathedrali
1896 2188 1956 2229 Et
1973 2192 2080 2229 tunc
2103 2188 2282 2229 demum

484 2262 600 2316 quod
633 2259 747 2302 absit
780 2265 879 2315 post
912 2272 1079 2301 annum
1113 2263 1155 2299 et
1188 2257 1304 2299 diem
1328 2271 1353 2299 a
1376 2255 1632 2299 cessacione
1662 2255 1707 2298 in
1739 2257 1908 2299 lectura
1939 2262 1982 2299 et
2005 2255 2168 2299 diuinis
2199 2254 2284 2297 nisi

485 2345 562 2385 per
581 2329 878 2372 vniuersalem
911 2329 1091 2383 plagam
1113 2334 1221 2370 tunc
1244 2327 1391 2369 dictus
1413 2326 1639 2369 bursarius
1661 2333 1704 2369 et
1728 2326 1794 2381 suj
1829 2341 2108 2370 successores
2134 2340 2285 2382 perpe-

486 2399 576 2442 tuis
596 2399 757 2441 futuris
787 2398 1063 2453 temporibus
1088 2396 1340 2439 deseruient
1364 2395 1408 2438 in
1440 2395 1629 2438 ecclesia
1652 2395 1896 2439 cathedrali
1929 2395 2210 2439 abirdonensi
2243 2401 2286 2438 et

487 2470 676 2512 orabunt
699 2483 776 2524 pro
799 2483 869 2510 me
892 2474 934 2509 et
953 2466 1188 2510 animabus
1211 2465 1524 2521 suprascriptis
1546 2471 1594 2507 ut
1617 2464 1857 2520 predicitur
1880 2464 1983 2508 ITA
2000 2471 2152 2508 tamen
2170 2465 2286 2520 quod

488 2538 524 2581 si
562 2538 792 2593 contingat
829 2537 975 2592 ipsum
1013 2535 1250 2591 collegium
1288 2537 1341 2578 de
1373 2550 1489 2578 nouo
1526 2534 1784 2590 congregari
1821 2541 1864 2577 et
1902 2534 2049 2578 Inhibi
2086 2534 2287 2578 diuinum

489 2608 681 2652 officium
705 2614 747 2650 et
771 2607 918 2650 studia
940 2607 1167 2649 literarum
1191 2620 1243 2648 ac
1266 2612 1393 2648 aetus
1416 2604 1640 2648 scolastici
1664 2604 1811 2647 Inhibi
1834 2604 2052 2647 excerceri
2073 2611 2180 2647 tunc
2202 2603 2289 2646 hiis

490 2694 578 2721 non
601 2678 884 2722 obstantibus
904 2676 1111 2719 fundaeio
1134 2676 1240 2719 dicti
1263 2675 1450 2730 bursarij
1471 2681 1513 2718 et
1536 2674 1826 2729 anniuersarij
1851 2675 1986 2717 libere
2007 2674 2211 2717 redibunt
2234 2673 2290 2715 ad

493 2749 638 2804 ipsum
672 2748 907 2803 collegium
940 2754 988 2790 ut
1022 2762 1155 2801 supra
1187 2753 1493 2801 expressatum
1527 2751 1594 2787 est
1628 2746 1909 2788 INSUPER
1929 2744 2030 2786 volo
2061 2750 2104 2786 et
2136 2741 2290 2786 ordino

495 2821 611 2873 quod
643 2819 901 2873 capellanus
937 2823 1178 2872 perpetuus
1214 2816 1321 2859 dicti
1358 2815 1512 2859 altaris
1544 2822 1587 2857 et
1625 2815 1691 2870 suj
1727 2829 2007 2857 successores
2039 2817 2290 2856 sustentent

496 2889 764 2931 sufficienter
785 2895 828 2930 et
860 2894 1122 2942 supportent
1155 2887 1410 2929 Predictum
1433 2892 1739 2928 tenementum
1767 2885 1860 2927 siue
1891 2891 2056 2927 terram
2078 2890 2127 2926 ut
2151 2882 2292 2925 Indis-

495 2959 732 3013 tringibilis
749 2966 790 3001 et
814 2964 1070 3001 constructa
1089 2958 1141 3000 In
1158 2958 1354 3000 futurum
1378 2962 1637 3011 permaneat
1657 2957 1709 2998 In
1727 2955 1866 2999 Cuius
1884 2954 1967 2998 Rei
1983 2952 2292 2998 testimonium
