2524 3418
172 402 293 433 Obitus
311 402 436 434 mathei

169 446 279 477 fechat

170 889 293 920 Obitus
310 889 403 920 wal-

169 933 229 964 teri
248 933 406 964 thomson

167 1305 289 1337 Obitus

166 1349 298 1390 angusij
317 1348 430 1380 adam-

168 1402 248 1424 sone

166 1730 220 1761 sol.
243 1732 282 1762 86
295 1729 306 1749 ¹

166 1823 288 1855 Obitus
304 1824 386 1855 dun-

165 1868 240 1909 canj
259 1868 326 1899 clat

165 2208 286 2240 Obitus
299 2209 414 2242 thome

164 2251 299 2283 blinsell

471 280 551 321 216
932 279 1104 320 chtalc
1135 279 1317 320 obituum
1347 283 1383 320 et
1413 280 1811 323 Anniuersariorum

585 394 746 437 Obitus
769 395 990 448 quondam
1027 393 1197 435 Mathei
1220 393 1367 436 fechat
1401 393 1444 435 in
1477 394 1589 436 festo
1623 395 1875 450 Epiphanie
1899 398 2028 440 Anno
2063 399 2268 441 domini*

470 464 706 505 millesimo
744 462 1181 517 quadringentesimo
1218 463 1522 517 octuagesimo
1564 464 1701 506 tercio
1739 465 1877 508 Cuius
1915 467 2267 510 anniuersarium

467 534 750 575 celebrabunt
776 533 818 573 in
842 532 1064 574 dominica
1097 532 1298 586 sequenti
1332 540 1568 574 cantantes
1589 548 1722 576 vnam
1751 535 1934 577 missam
1959 537 2011 578 de
2034 543 2140 579 nota
2166 552 2267 580 curn

466 603 680 657 trigintali
714 601 914 655 sequenti
950 602 1008 642 Et
1041 601 1161 643 aliud
1193 602 1419 656 trigintale
1451 603 1737 645 celebrabunt
1767 604 1811 646 in
1842 605 1955 647 festo
1987 613 2269 660 pentecostes

466 674 520 714 ad
545 673 682 714 altare
708 671 859 713 Sancti
884 671 1117 713 michaelis
1139 686 1216 726 pro
1239 686 1324 725 quo
1360 672 1649 715 Infeodantur
1670 673 1714 715 in
1736 674 1892 729 viginti
1916 689 1936 717 s
1958 676 2191 719 annuatim
2214 678 2268 719 de

467 750 582 784 terra
606 741 759 784 boriali
785 741 999 783 Iohannis
1022 741 1184 783 knollis
1208 742 1389 783 Iacente
1411 742 1455 784 in
1479 743 1518 784 le
1540 750 1735 797 gastraw

581 881 741 923 Obitus
785 882 1008 935 quondam
1050 881 1241 923 Walteri
1283 882 1494 924 thomson
1536 881 1580 924 in
1621 883 1734 926 festo
1777 883 2099 938 purificationis
2140 885 2269 927 beate

466 951 602 993 marie
634 951 816 1005 virginis
854 951 992 994 Cuius
1031 951 1384 994 anniuersarium
1418 952 1704 995 celebrabunt
1737 953 1781 995 in
1814 954 2013 1008 proxima
2045 954 2268 997 dominica

466 1021 666 1075 sequenti
693 1036 828 1062 vnum
862 1021 1088 1075 trigintale
1121 1023 1176 1063 ad
1208 1022 1348 1063 altare
1382 1023 1535 1064 Sancti
1570 1023 1721 1065 Iacobi
1753 1038 1830 1078 pro
1863 1038 1948 1077 quo
1980 1025 2270 1067 Infeodantur

463 1091 506 1132 in
545 1090 686 1132 decim
726 1105 747 1132 s
783 1092 836 1133 de
872 1098 990 1133 terra
1033 1093 1256 1145 quondam
1301 1092 1517 1134 Iohannis
1558 1092 1848 1136 huchonsone
1890 1093 2112 1137 carnificis
2146 1095 2191 1137 in
2228 1095 2268 1137 le

463 1161 740 1203 huksterraw

579 1301 739 1343 Obitus
771 1302 994 1356 quondam
1029 1301 1201 1356 angusij
1234 1303 1476 1344 adamsone
1509 1317 1626 1346 anno
1658 1302 1826 1345 domini
1858 1303 2095 1346 millesimo
2133 1305 2267 1359 quad-

462 1370 780 1424 ringentesimo
819 1371 1159 1425 quadragesimo
1203 1372 1262 1413 Et
1305 1372 1411 1413 dicti
1449 1372 1666 1426 capellanj
1706 1373 1991 1415 celebrabunt
2033 1373 2266 1415 annuatim

461 1455 597 1482 vnum
621 1440 847 1494 trigintale
870 1442 925 1482 ad
947 1441 1110 1482 festum
1135 1441 1389 1495 Epiphanie
1421 1449 1464 1483 et
1496 1442 1629 1484 Aliud
1661 1442 1888 1496 trigintale
1910 1442 1954 1484 in
1976 1443 2089 1484 festo
2112 1443 2266 1485 Sancti

463 1510 677 1552 Iohannis
700 1510 894 1565 baptiste
917 1511 1076 1564 quibus
1092 1511 1351 1566 capellanus
1368 1512 1523 1554 altaris
1542 1512 1696 1555 Sancti
1715 1512 1947 1555 michaelis
1964 1514 2019 1555 ad
2042 1527 2265 1556 summam

459 1594 514 1622 xx
537 1595 557 1621 s
579 1581 862 1635 respondebit
885 1581 1117 1624 annuatim

580 1721 740 1763 Obitus
763 1722 987 1776 quondam
1011 1721 1203 1777 duncanj
1229 1722 1317 1765 clat
1341 1721 1385 1764 in
1409 1721 1632 1765 dominica
1654 1721 1698 1763 in
1720 1721 1928 1778 passione
1957 1735 2075 1765 anno
2099 1720 2267 1765 domini

464 1791 701 1834 millesimo
731 1792 1170 1847 quadringentesimo
1200 1792 1570 1848 quinquagesimo
1593 1793 1748 1849 quinto
1772 1793 1911 1837 Cuius
1933 1792 2266 1837 anniuersarias

463 1861 694 1903 annuatim
738 1862 1032 1905 celebrabitur
1065 1895 1074 1904 .
1110 1895 1120 1905 .
1155 1895 1164 1905 .
1199 1877 1300 1905 cum
1339 1862 1476 1905 missa
1513 1864 1566 1906 de
1603 1869 1710 1906 nota
1745 1868 1928 1906 cantata
1965 1868 2007 1905 et
2048 1860 2265 1917 trigintali

463 1931 701 1973 missarum
729 1945 806 1987 per
837 1931 1109 1975 ebdomitam
1140 1938 1400 1987 sequentem
1422 1939 1469 1975 vt
1491 1931 1629 1974 moris
1651 1938 1717 1976 est
1744 1946 1822 1988 pro
1855 1946 1941 1987 quo
1975 1931 2267 1977 Infeodantur

463 2001 678 2055 capellanj
704 2001 748 2043 in
775 2001 1002 2044 trisdecim
1036 2002 1190 2045 solidis
1211 2009 1254 2045 et
1278 2009 1468 2057 quatuor
1489 2004 1516 2046 d
1538 2001 1772 2046 annuatim
1805 2003 1858 2046 de
1889 2008 2008 2045 terra
2040 2002 2265 2057 quondam

461 2070 600 2125 ipsius
623 2071 813 2126 duncanj
839 2072 883 2113 in
904 2072 1002 2115 vico
1025 2073 1240 2128 superiori
1263 2073 1448 2116 ecclesie
1469 2079 1516 2116 vt
1538 2072 1794 2128 responsuri
1817 2073 1906 2115 sint

577 2208 738 2251 Obitus
761 2211 984 2264 quondam
1012 2211 1165 2254 thome
1191 2211 1377 2255 blinsele
1409 2211 1633 2255 dominica
1654 2211 1699 2254 in
1722 2211 1930 2266 passione
1955 2224 2073 2254 anno
2096 2209 2264 2253 domini

462 2277 699 2320 millesimo
729 2279 1169 2334 quadringentesimo
1202 2281 1571 2336 quinquagesimo
1594 2280 1748 2336 quinto
1771 2280 1910 2325 Cuius
1933 2279 2264 2323 anniuersarius

461 2347 693 2389 annuatim
717 2349 1012 2392 celebrabitur
1045 2352 1100 2392 ad
1133 2351 1273 2394 altare
1300 2351 1454 2394 Sancti
1476 2352 1591 2407 petri
1613 2351 1733 2394 dicta
1754 2350 1978 2394 dominica
2000 2365 2100 2392 curn
2125 2350 2264 2393 missa

460 2418 512 2458 de
545 2424 652 2458 nota
685 2425 867 2460 cantata
900 2426 942 2461 et
974 2419 1191 2474 trigintali
1225 2420 1462 2464 missarum
1495 2421 1540 2463 in
1572 2420 1797 2464 ebdomita
1823 2419 2026 2474 sequenti
2050 2425 2097 2462 vt
2127 2419 2264 2462 moris

460 2493 526 2528 est
550 2500 627 2540 pro
651 2501 736 2541 quo
761 2488 980 2542 capellani
1013 2489 1186 2544 collegij
1211 2490 1495 2533 infeodantur
1515 2490 1560 2532 in
1581 2489 1808 2532 trisdecim
1832 2488 1986 2531 solidis
2008 2495 2050 2531 et
2073 2495 2264 2543 quatuor

459 2556 486 2597 d
509 2556 741 2598 annuatim
765 2558 817 2599 de
840 2564 960 2600 terra
977 2560 1202 2613 quondam
1220 2559 1439 2603 Willelmi
1462 2561 1654 2603 adesone
1678 2559 1860 2602 Iacente
1882 2558 1927 2601 in
1949 2559 2037 2600 fine
2059 2557 2263 2601 orientali

458 2625 544 2668 vici
567 2626 701 2669 castri
723 2633 770 2669 vt
795 2629 1094 2682 respondeant

575 2752 593 2768 ⁴*
619 2753 658 2783 In
675 2753 828 2794 margine
845 2753 1007 2795 scriptum
1024 2757 1147 2787 est—“
1160 2755 1366 2788 Productum
1385 2755 1442 2788 xix
1457 2754 1612 2798 februarij
1631 2755 1732 2788 Anno
1747 2754 1876 2797 dominj
1893 2753 2077 2786 millesimo
2099 2753 2263 2796 quingen-

458 2806 580 2839 tesimo
601 2808 703 2850 xxxiij
723 2808 755 2839 in
773 2809 911 2841 modum
935 2811 1150 2851 probacionis
1173 2818 1206 2844 et
1229 2818 1463 2854 recuperatum
1481 2822 1502 2844 a
1518 2811 1652 2853 scriptis
1675 2811 1804 2854 dominj
1824 2809 1987 2843 Iohannis
2011 2809 2189 2851 stirueling
2204 2819 2262 2851 per

458 2861 657 2903 magistrum
689 2862 842 2895 thomam
875 2865 1012 2896 annand
1039 2871 1072 2897 et
1099 2866 1318 2899 alexandrum
1350 2877 1489 2899 menzes
1521 2867 1653 2900 Iuratos
1680 2866 1801 2898 mediis
1832 2864 2027 2899 eorumdem
2059 2863 2262 2896 Iuramentis

456 2916 645 2949 mahosoun
664 2917 818 2950 scriba’'.
