2524 3418
735 310 952 351 Fundacio
983 309 1143 364 domz'uj
1173 309 1338 349 Andrea
1374 308 1536 364 Coupar
1958 325 2037 365 103

233 426 402 469 dictum
445 424 799 469 anniuersarium
841 423 958 466 trina
1002 423 1098 466 vice
1145 437 1221 465 sex
1266 422 1471 465 denarios
1517 423 1749 466 annuatim
1790 424 2038 467 Trisdecim

235 495 478 551 capellanis
501 494 861 550 condignioribus
883 494 987 548 dictj
1014 493 1185 548 collegij
1212 493 1285 548 qui
1308 508 1386 548 pro
1407 499 1607 548 ternpore
1629 501 1857 548 presentes
1878 495 2040 538 fuerint

234 572 277 608 et
310 567 482 609 duobus
515 565 687 608 clericis
713 566 766 607 de
798 564 933 606 choro
965 578 1042 606 sex
1067 563 1232 605 solidos
1257 569 1300 605 et
1334 562 1476 605 decim
1505 563 1709 606 denarios
1738 579 1816 619 pro
1850 566 2041 608 celebra-

234 635 360 678 cione
405 634 638 678 annuatim
679 633 810 676 vnius
855 633 990 675 misse
1032 633 1085 674 de
1126 638 1233 675 nota
1274 632 1344 675 die
1385 632 1532 676 obitus
1574 632 1659 688 mej
1705 634 1765 676 Et
1807 634 2040 676 duodecim

234 705 473 748 missarum
504 704 550 746 in
578 704 824 746 ebdomeda
864 704 973 746 Inde
1006 709 1219 757 sequente
1261 708 1304 745 et
1346 702 1613 758 pauperibus
1661 702 1756 745 siue
1797 703 2042 746 scolaribus

233 776 388 818 eodem
423 774 492 817 die
528 773 755 816 trisdecim
790 772 995 815 denarios
1030 771 1256 814 Faciendo
1291 779 1334 815 et
1368 773 1632 816 celebrando
1665 773 1899 816 annuatim
1933 774 2038 829 dictj

233 844 452 901 capellani
489 850 532 886 et
569 843 780 886 collector
811 843 980 885 dictum
1012 842 1367 885 anniuersarium
1405 857 1554 886 meum
1587 843 1656 886 die
1688 844 1836 887 obitus
1868 843 1955 886 mei
1987 845 2043 886 ad

232 917 373 959 altare
404 917 635 959 beatorum
667 914 706 956 T
711 914 842 956 home
874 913 1078 968 Apostoli
1112 919 1154 955 et
1189 913 1365 968 georgei
1398 914 1593 956 martiris
1625 914 1669 956 in
1701 914 1820 957 dicta
1854 915 2044 958 ecclesia

232 986 448 1029 situatum
487 987 547 1027 Et
580 984 778 1040 prefatus
810 998 942 1039 preco
974 989 1016 1025 et
1050 983 1238 1026 sacrista
1271 983 1416 1026 officia
1442 999 1522 1026 sua
1559 983 1747 1039 singulis
1783 984 1912 1027 annis
1948 1000 2042 1040 per-

233 1055 380 1111 petuis
415 1055 690 1110 temporibus
727 1052 952 1096 duraturis
989 1052 1033 1094 in
1068 1054 1200 1095 modo
1235 1053 1378 1096 forma
1411 1059 1454 1095 et
1491 1054 1651 1096 effectu
1683 1053 1727 1095 in
1760 1054 1967 1097 omnibus
1998 1060 2041 1097 et

234 1141 312 1182 per
332 1126 483 1169 omnia
505 1132 553 1168 ut
576 1124 844 1181 premissum
868 1130 935 1167 est
958 1138 1036 1179 pro
1064 1123 1208 1166 salute
1234 1123 1382 1166 anime
1409 1138 1506 1166 mee
1532 1124 1783 1167 animarum
1806 1132 2041 1180 parentum

233 1212 434 1240 meorum
471 1196 803 1239 benefactorum
838 1201 881 1237 et
916 1194 1117 1237 omniurn
1154 1194 1352 1236 fidelium
1395 1194 1703 1237 defunctorum
1745 1201 1922 1237 tantum
1965 1210 2042 1250 pro

233 1267 354 1310 omni
377 1267 463 1310 alio
486 1266 673 1309 seruicio
697 1265 885 1320 secularj
906 1264 1137 1307 exactione
1156 1279 1233 1307 seu
1251 1266 1473 1307 demanda
1491 1279 1575 1319 que
1597 1266 1650 1307 de
1673 1265 1871 1320 predicto
1894 1280 2042 1308 annuo

232 1338 407 1381 redditu
430 1353 532 1380 cum
555 1336 842 1393 pertinenciis
863 1335 1130 1390 Aliqualiter
1146 1335 1260 1391 exigj
1286 1335 1448 1390 poterit
1467 1342 1543 1378 aut
1565 1335 1725 1390 requirj
1754 1336 1813 1377 Et
1837 1350 1918 1390 ego
1939 1350 2043 1378 vero

232 1409 378 1452 dictus
411 1408 619 1451 dominus
649 1408 875 1450 Iohannes
907 1407 1093 1449 heredes
1125 1406 1210 1461 mej
1245 1413 1289 1448 et
1322 1405 1538 1461 assignati
1573 1412 1719 1448 totum
1749 1412 1791 1448 et
1820 1405 2042 1460 integrum

232 1494 432 1522 annuum
454 1479 677 1521 redditum
700 1484 985 1534 prenotatum
1009 1492 1110 1520 cum
1135 1476 1228 1519 suis
1259 1476 1548 1531 pertinenciis
1574 1476 1757 1531 prefatis
1781 1476 2039 1531 Capellanis

231 1556 274 1592 et
297 1549 499 1605 personis
521 1556 564 1592 et
588 1549 681 1592 suis
707 1548 1040 1592 successoribus
1062 1547 1107 1590 in
1131 1547 1338 1590 omnibus
1365 1554 1408 1590 et
1430 1562 1508 1602 per
1530 1547 1681 1589 omnia
1703 1553 1751 1589 ut
1775 1546 2040 1601 premissum

232 1626 299 1662 est
341 1635 419 1675 per
458 1635 614 1663 omnes
654 1626 797 1662 terras
839 1634 891 1662 ac
925 1618 1232 1674 possessiones
1274 1633 1398 1660 meas
1433 1619 1601 1661 Contra
1638 1632 1794 1659 omnes
1831 1617 2042 1659 mortales

229 1691 611 1734 varantizabimus
633 1690 989 1745 acquietabimus
1007 1696 1049 1732 et
1069 1691 1406 1744 Imperpetuum
1426 1689 1731 1730 Defendemus
1754 1688 1819 1730 IN
1846 1688 2042 1731 CUIUS

230 1762 290 1817 rej
326 1761 634 1804 testimonium
667 1761 770 1803 huic
807 1760 1002 1816 presenti
1040 1762 1174 1804 Carte
1207 1774 1305 1801 mee
1339 1759 1534 1814 sigillum
1569 1773 1718 1801 meum
1756 1765 1799 1800 et
1834 1757 2040 1813 Sigillum

232 1832 402 1888 prouidj
435 1832 516 1887 virj
558 1831 772 1874 Iohannis
816 1833 954 1873 Ratre
995 1830 1126 1873 vnius
1167 1829 1434 1873 balliuorum
1477 1829 1581 1883 dictj
1621 1828 1747 1883 burgi
1785 1843 1836 1871 ac
1873 1827 2041 1870 datoris

231 1902 379 1946 sasine
401 1902 656 1945 huiusmodi
679 1902 813 1956 annuj
842 1901 1061 1944 Redditus
1084 1907 1187 1943 sunt
1210 1915 1408 1955 appensa
1429 1900 1559 1955 Apud
1581 1899 1806 1942 Abirdenn
1828 1897 2040 1940 vicesimo

229 1972 367 2016 tercio
409 1973 479 2016 die
520 1972 688 2015 mensis
729 1971 976 2015 decembris
1017 1973 1146 2014 Anno
1189 1970 1357 2013 domini
1402 1970 1641 2013 millesimo
1683 1968 2040 2024 quingentesimo

229 2043 389 2086 Tercio
413 2045 575 2087 Coram
602 2042 938 2086 honorabilibus
969 2049 1012 2085 et
1043 2041 1229 2085 famosis
1259 2041 1366 2084 viris
1399 2041 1601 2083 Iohanne
1626 2041 1832 2083 Wormet
1860 2038 2040 2081 matheo

230 2113 425 2157 branche
468 2113 670 2157 Iohanne
711 2113 940 2169 balcromy
983 2112 1161 2155 Iuniore
1201 2112 1358 2154 thoma
1400 2112 1619 2166 Storonye
1660 2109 1955 2165 burgensibus
1996 2115 2039 2151 et

232 2184 397 2227 Incolis
425 2184 530 2240 dictj
563 2184 688 2240 burgj
719 2184 951 2228 Willelmo
985 2183 1259 2239 scrimgeour
1290 2183 1468 2225 Andrea
1503 2179 1658 2224 nachti
1690 2179 1946 2236 sergeandis
1979 2180 2040 2221 Et

229 2254 410 2298 domino
433 2255 635 2298 Iohanne
658 2254 904 2310 Stirueling
925 2255 1156 2310 capellano
1183 2269 1235 2297 ac
1263 2252 1450 2296 Notario
1476 2251 1653 2308 publico

1046 2477 1223 2518 LVIII.

228 2569 445 2612 Fundacio
485 2570 644 2627 dominj
682 2572 849 2615 Andrea
892 2572 1059 2629 Coupar
1103 2571 1306 2629 capellanj
1345 2570 1492 2613 altaris
1537 2569 1670 2613 sancti
1708 2567 1884 2624 martinj
1924 2567 2038 2623 infra

400 2640 607 2683 ecclesiam
619 2642 901 2698 parochialem
923 2643 1030 2686 beati
1055 2642 1256 2698 nicholaij
1267 2641 1443 2698 fundati
1468 2641 1515 2684 de
1542 2654 1681 2684 annuo
1701 2639 1865 2682 redditu
1887 2637 2039 2693 vigintj

401 2711 626 2754 solidorum
646 2718 825 2768 sequente

343 2806 587 2850 MNIBUS
628 2806 744 2851 hanc
787 2810 971 2853 Cartam
1007 2808 1169 2852 visuris
1203 2808 1273 2851 vel
1315 2806 1533 2851 audituris
1575 2805 1798 2849 Dominus
1837 2804 2039 2846 Andreas

399 2890 565 2931 coupar
582 2878 853 2932 Capellanus
877 2880 1093 2923 Eternam
1116 2879 1161 2920 in
1184 2878 1364 2921 domino
1388 2879 1580 2921 salutem
1599 2878 1712 2920 Cum
1731 2888 1886 2917 omnes
1903 2872 2038 2915 stabi-

230 2958 330 2987 mus
356 2951 461 2988 ante
491 2945 686 2988 tribunal
718 2947 885 2989 domini
918 2948 1056 3003 nostrj
1087 2950 1191 2991 Iesu
1223 2946 1390 2992 Christi
1423 2946 1518 2989 siue
1549 2947 1714 2989 bonum
1742 2943 1836 2986 siue
1868 2942 2037 2985 malum

2070 1836 2130 1868 fol.
2145 1836 2204 1869 41ยน
