2524 3418
560 233 881 274 lustramentum
914 229 1078 272 Saisine
1112 229 1334 270 Terrarum
1366 230 1412 270 de
1444 230 1562 272 Crois
1943 242 1967 284 7

160 356 360 393 mentum
405 346 591 392 Cunctis
628 352 779 402 pateat
817 345 1046 388 euidenter
1082 351 1124 387 et
1162 343 1218 386 sit
1257 350 1412 387 notum
1452 347 1568 399 quod
1611 359 1728 388 anno
1767 346 1969 389 incarna-

160 419 301 464 cionis
332 418 553 462 dominice
587 416 825 459 millesimo
860 414 1300 470 quadringentesimo
1337 414 1616 469 sexagesimo
1647 422 1771 459 sexto
1804 416 1971 459 mensis

159 505 263 533 vero
307 489 424 533 Iunii
475 488 544 531 die
585 485 957 541 vicesimoquinto
1001 484 1250 527 Indictione
1291 483 1629 539 decimaquarta
1677 485 1971 529 Pontificatus

162 558 435 602 sanctissimi
478 558 522 600 in
565 557 732 600 christo
776 555 915 610 patris
957 562 999 598 et
1042 554 1209 598 domini
1251 554 1391 596 nostri
1435 554 1602 597 domini
1647 555 1776 598 Pauli
1822 555 1971 600 divina

160 628 438 685 providentia
470 641 583 683 pape
616 625 798 669 secundi
832 639 949 668 anno
981 624 1077 667 eius
1109 625 1305 667 secundo
1335 626 1387 667 In
1417 624 1504 667 mei
1536 625 1696 681 notarij
1732 625 1896 681 publici
1928 633 1970 669 et

160 698 343 742 testium
379 696 730 752 subscriptorum
765 694 988 750 presentia
1026 694 1319 749 personaliter
1351 694 1624 738 constitutus
1661 695 1878 738 honestus
1907 696 1973 738 vir

163 767 313 812 Dauid
351 767 469 810 filius
509 765 720 809 Duncani
757 779 871 807 vnus
911 778 1136 807 marorum
1175 764 1516 808 vicecomitatus
1557 766 1610 808 de
1642 766 1873 809 Aberdene
1919 767 1971 808 de

163 839 378 882 mandato
421 843 463 880 et
505 842 713 891 precepto
757 841 804 878 ut
849 834 1099 889 assignauit
1146 834 1307 878 nobilis
1347 834 1427 877 viri
1479 835 1694 878 Iohannis
1738 835 1971 891 ogistoune

161 906 438 951 vicecomitis
496 905 697 961 deputati
755 907 808 948 de
857 907 1088 948 Aberdene
1142 905 1392 948 honorabili
1442 913 1485 949 et
1535 906 1728 949 multum
1786 906 1972 950 circum-

164 982 316 1032 specto
367 976 460 1018 viro
516 975 710 1018 Ricardo
763 976 816 1018 de
870 975 1031 1030 kyntor
1083 989 1160 1029 pro
1213 981 1413 1029 tempore
1465 976 1689 1031 preposito
1742 976 1868 1032 burgi
1919 979 1972 1020 de

162 1047 392 1090 Aberdene
428 1045 502 1088 vni
539 1045 654 1088 inter
691 1051 942 1088 attornatos
978 1043 1190 1100 prepositi
1228 1044 1464 1088 balliorum
1501 1046 1737 1090 consulum
1774 1053 1817 1089 et
1854 1060 1972 1090 com-

161 1115 396 1159 munitatis
444 1115 550 1159 dicti
587 1115 713 1170 burgi
763 1114 1017 1170 specialiter
1057 1114 1289 1157 nominato
1327 1129 1378 1157 ac
1416 1115 1460 1157 in
1501 1115 1640 1159 literis
1689 1116 1971 1160 Serenissimi

161 1186 373 1242 principis
410 1193 452 1229 et
490 1185 658 1229 domini
698 1185 849 1229 Iacobi
891 1185 1059 1228 domini
1103 1186 1339 1228 Scotorum
1384 1185 1522 1240 Regis
1563 1186 1852 1230 illustrissimi
1891 1189 1972 1230 sub

159 1256 419 1300 testimonio
460 1256 612 1311 magni
656 1255 800 1310 Sigilli
843 1255 949 1298 dicti
994 1254 1131 1309 Regis
1172 1254 1217 1296 in
1259 1269 1360 1297 cera
1404 1255 1504 1298 alba
1547 1255 1755 1310 sigillatis
1796 1258 1848 1298 In
1888 1256 1972 1299 hac

160 1333 286 1382 parte
308 1326 612 1382 principaliter
633 1326 878 1369 constituto
900 1326 1038 1368 veluti
1061 1325 1342 1368 manifestius
1365 1326 1510 1380 patuit
1532 1325 1724 1369 intuenti
1748 1326 1973 1369 Saisinam

159 1403 377 1441 terrarum
407 1398 460 1441 de
490 1397 617 1440 Crois
651 1411 752 1439 cum
786 1396 1072 1451 pertinenciis
1107 1395 1357 1438 Iacentium
1390 1395 1503 1438 infra
1525 1395 1889 1439 vicecomitatum
1921 1397 1974 1439 de

161 1468 380 1511 aberdene
415 1467 595 1510 nomine
631 1467 851 1510 dictorum
883 1466 1095 1521 prepositi
1128 1465 1364 1509 balliorum
1398 1466 1634 1509 consulum
1660 1473 1703 1509 et
1728 1465 1974 1510 communi-

159 1537 267 1581 tatis
301 1537 407 1581 dicti
443 1537 569 1592 burgi
607 1536 871 1580 hereditarie
913 1536 1096 1579 tradidit
1140 1536 1406 1579 conferendo
1442 1550 1521 1591 per
1556 1535 1638 1579 sibi
1681 1536 1973 1580 tradicionem

160 1614 275 1651 terre
307 1614 350 1650 et
383 1607 544 1663 lapidis
578 1608 630 1649 In
663 1605 964 1662 principaliori
1002 1606 1223 1649 dictarum
1260 1612 1479 1648 terrarum
1514 1605 1772 1649 habitaculo
1805 1605 1973 1648 dictum

163 1678 407 1721 Ricardum
436 1677 616 1720 nomine
639 1691 725 1732 quo
749 1691 882 1732 supra
911 1677 1187 1731 Imponendo
1218 1676 1474 1718 Secundum
1496 1675 1685 1718 formam
1709 1682 1751 1718 et
1773 1681 1973 1719 tenorem

161 1755 284 1792 carte
322 1748 461 1803 Regie
498 1747 629 1791 dictis
665 1747 890 1802 preposito
927 1747 1105 1790 balliuis
1142 1746 1400 1790 consulibus
1437 1753 1479 1789 et
1517 1745 1831 1789 communitati
1869 1745 1974 1789 dicti

163 1818 288 1874 burgi
326 1833 537 1862 concesse
574 1819 764 1873 desuper
798 1824 841 1860 et
879 1818 1078 1860 confecte
1121 1817 1343 1860 Omnibus
1379 1818 1496 1872 quod
1533 1816 1760 1872 proposito
1796 1815 1975 1860 balliuis

162 1889 422 1933 consulibus
453 1896 495 1932 et
528 1888 843 1932 communitati
880 1889 1006 1943 burgi
1038 1889 1091 1931 de
1112 1889 1343 1931 Aberdene
1375 1889 1431 1930 ad
1464 1887 1678 1930 saisinam
1710 1886 1976 1930 hereditarie

163 1960 277 2003 sicut
304 1959 544 2015 predicitur
568 1959 716 2002 debito
743 1960 874 2001 modo
901 1960 1214 2002 conferendam
1243 1958 1582 2001 Illustrissimus
1612 1959 1709 2001 Rex
1739 1959 1975 2001 Scotorum

165 2031 357 2073 Iacobus
385 2030 639 2073 antedictus
668 2045 745 2085 per
776 2044 882 2073 suas
910 2030 1062 2072 literas
1084 2029 1336 2072 vicecomiti
1366 2035 1408 2071 et
1438 2027 1617 2071 balliuis
1646 2027 1738 2071 suis
1767 2029 1820 2071 de
1842 2030 1976 2072 Aber-

162 2102 274 2143 dene
306 2100 498 2143 directas
531 2102 713 2144 dederat
745 2100 790 2142 in
824 2100 1050 2143 mandatis
1089 2115 1277 2156 quarum
1311 2106 1440 2142 tenor
1476 2099 1676 2154 sequitur
1708 2105 1837 2154 prout
1874 2113 1976 2141 ecce

165 2171 437 2214 IACOBUS
461 2170 529 2213 dei
552 2170 697 2226 gratia
729 2172 826 2214 Rex
854 2177 1079 2214 scotorum
1102 2170 1354 2214 vicecomiti
1384 2177 1427 2213 et
1457 2170 1636 2213 balliuis
1665 2170 1757 2212 suis
1779 2171 1831 2213 de
1855 2171 1976 2213 aber-

163 2239 274 2281 dene
312 2239 505 2282 salutem
543 2240 660 2296 Quia
697 2241 1004 2284 concessimus
1041 2241 1306 2284 hereditarie
1343 2240 1518 2283 dilectis
1554 2240 1718 2282 nostris
1752 2240 1975 2296 preposito

163 2307 342 2351 balliuis
374 2308 632 2352 consulibus
661 2316 704 2352 et
734 2311 1048 2354 communitati
1081 2311 1207 2366 burgi
1240 2311 1379 2353 nostri
1412 2312 1465 2354 de
1498 2311 1716 2354 aberdene
1746 2317 1890 2354 terras
1921 2312 1974 2354 de

163 2378 291 2422 Crois
328 2394 429 2422 cum
467 2379 753 2435 pertinenciis
788 2383 1001 2438 Jacentes
1033 2382 1146 2425 infra
1184 2382 1366 2425 balliam
1399 2388 1594 2425 vestram
1633 2381 1825 2436 quequid
1856 2389 1973 2424 terra

164 2462 266 2491 cum
303 2449 590 2504 pertinenciis
625 2451 803 2494 fuerunt
843 2452 1059 2495 Iohannis
1095 2453 1376 2508 bannyrman
1414 2453 1467 2496 de
1504 2451 1670 2495 alesike
1710 2452 1974 2496 hereditarie

166 2519 225 2561 Et
259 2533 370 2573 quas
404 2521 529 2563 Idem
565 2521 792 2565 Iohannes
824 2537 912 2565 non
944 2523 986 2565 vi
1019 2529 1096 2566 aut
1130 2529 1252 2566 metu
1286 2524 1448 2566 ductus
1482 2524 1533 2565 In
1566 2522 1774 2565 manibus
1811 2522 1975 2565 nostris

163 2600 272 2641 pure
305 2594 347 2630 et
381 2588 642 2644 simpliciter
677 2591 923 2646 resignauit
961 2599 1090 2648 prout
1123 2592 1167 2635 in
1200 2599 1324 2636 carta
1360 2599 1513 2635 nostra
1547 2593 1737 2648 desuper
1771 2593 1974 2636 confecta

162 2656 338 2712 plenius
381 2659 635 2703 continetur
676 2662 816 2705 Vobis
859 2662 1130 2718 precipimus
1176 2669 1218 2705 et
1266 2664 1536 2706 mandamus
1579 2670 1802 2717 quatenus
1844 2662 1975 2705 dictis

162 2727 387 2781 preposito
405 2728 583 2772 balliuis
605 2732 864 2775 consulibus
881 2739 923 2775 et
942 2733 1256 2776 communitati
1274 2733 1488 2776 saisinam
1513 2733 1733 2777 dictarum
1755 2740 1974 2776 terrarum

163 2810 265 2839 cum
308 2798 594 2852 pertinenciis
636 2803 882 2845 secundum
924 2810 1124 2846 tenorem
1168 2804 1284 2847 dicte
1327 2811 1448 2847 carte
1489 2810 1640 2846 nostre
1684 2818 1818 2858 quam
1865 2804 1975 2846 Inde

164 2865 330 2912 habent
380 2869 502 2914 Iuste
550 2870 712 2914 habere
756 2873 931 2918 faciatis
975 2880 1017 2918 et
1063 2873 1156 2937 sine
1204 2874 1417 2917 dilatione
1459 2881 1502 2920 et
1544 2874 1628 2921 hoe
1675 2873 1798 2920 nullo
1845 2874 1976 2919 modo

2007 2670 2064 2701 fol.
2084 2669 2124 2701 31
