2524 3418
675 311 700 352 I
703 313 999 352 nstrumentum
1029 308 1160 350 sasine
1191 307 1350 363 dominj
1380 307 1581 349 Iohannis
1618 308 1744 349 Waus
2028 319 2108 362 271

306 426 544 468 millesimo
575 425 932 480 quingentesimo
966 423 1333 478 quinquagesimo
1362 423 1500 465 tercio
1533 422 1700 464 mensis
1728 437 1832 464 vero
1859 423 2010 477 aprilis
2043 422 2111 464 die

307 496 522 550 vigesimo
541 497 735 537 secundo
758 495 999 536 indictione
1016 494 1251 535 vndecirna
1273 493 1562 547 pontificatus
1585 492 1855 547 sanctissimj
1877 492 1921 533 in
1945 492 2111 534 christo

308 565 446 619 patris
469 579 520 606 ac
543 564 708 618 dominj
735 564 872 617 nostrj
899 562 1064 616 dominj
1093 562 1191 616 Iulij
1218 562 1369 603 diuina
1398 561 1678 615 prouidentia
1705 575 1817 615 pape
1846 561 1969 615 tercij
1996 575 2112 602 anno

308 640 466 687 quarto
490 634 543 673 In
567 633 652 686 mej
678 632 836 686 notarij
869 631 1030 685 publicj
1067 637 1109 672 et
1142 630 1324 671 testium
1352 630 1733 684 infrascriptorum
1760 630 1995 684 presentiis
2020 644 2113 684 per-

307 701 520 743 sonaliter
538 701 809 742 constitutus
827 700 1045 742 discretus
1062 699 1128 740 vir
1149 699 1357 741 dominus
1376 700 1568 740 Ioannes
1585 713 1695 740 vaus
1713 699 1972 753 capellanus
1990 699 2110 753 chorj

308 771 494 813 ecclesie
510 771 780 825 parochialis
797 770 886 824 diuj
913 769 1089 824 nicolaij
1115 770 1167 811 de
1191 770 1410 811 aberdene
1433 783 1521 810 non
1543 769 1584 823 vj
1610 776 1686 811 aut
1710 776 1831 810 metu
1850 770 2011 811 ductus
2033 784 2113 812 nec

307 839 353 881 in
371 854 562 882 errorem
586 839 739 894 lapsus
762 854 839 881 seu
863 838 1022 893 quouis
1044 838 1144 879 dolo
1166 837 1235 878 vel
1257 837 1410 879 fraude
1435 837 1767 879 circumuentus
1790 839 1866 879 sed
1890 852 1970 879 sua
1992 852 2115 880 mera

307 924 418 964 pura
450 916 492 951 et
526 916 774 964 spontanea
806 909 1036 950 voluntate
1069 907 1218 949 animo
1250 921 1339 948 non
1370 906 1550 948 varians
1581 913 1628 948 vt
1658 907 1862 961 apparuit
1894 914 2039 949 totum
2072 913 2114 949 et

309 978 532 1032 integrum
555 992 692 1019 vnum
725 991 925 1019 annuum
958 975 1181 1017 redditum
1212 974 1452 1029 vigintjsex
1478 975 1719 1017 solidorum
1754 982 1796 1017 et
1831 983 1930 1018 octo
1961 977 2115 1018 denar-

308 1047 452 1089 iorum
474 1047 642 1089 vsualis
665 1053 843 1088 monete
865 1045 988 1099 regnj
1018 1044 1157 1086 scotie
1183 1044 1416 1086 annuatim
1449 1044 1691 1086 leuandum
1714 1051 1757 1086 et
1780 1044 2114 1099 percipiendum

309 1117 364 1159 ad
382 1118 494 1158 duos
516 1116 620 1171 annj
645 1114 861 1157 terminos
883 1114 1061 1156 vsuales
1084 1119 1368 1167 pentecostes
1396 1112 1601 1155 videlicet
1624 1119 1666 1154 et
1690 1113 1832 1167 sanctj
1862 1113 2042 1168 martinj
2071 1113 2114 1155 in

307 1187 467 1242 hyeme
499 1201 576 1241 per
607 1186 787 1240 equales
819 1186 931 1227 duas
963 1183 1133 1226 medias
1165 1183 1391 1237 portiones
1413 1185 1466 1225 de
1497 1190 1593 1225 tota
1615 1190 1657 1225 et
1681 1183 1853 1237 integra
1885 1189 2002 1225 terra
2035 1198 2116 1225 sua

308 1255 530 1299 anteriore
558 1261 601 1296 et
627 1254 804 1295 hortulo
837 1253 1035 1295 eiusdem
1069 1267 1171 1294 cum
1198 1251 1479 1306 pertinentiis
1513 1251 1770 1293 lacentibus
1801 1251 1914 1294 infra
1946 1251 2115 1294 dictum

307 1327 497 1380 burgum
530 1325 575 1366 in
606 1324 704 1366 vico
737 1323 940 1365 inferiore
975 1321 1161 1363 ecclesie
1195 1336 1247 1362 ex
1278 1321 1443 1363 boreali
1476 1328 1601 1375 parte
1639 1320 1837 1362 eiusdem
1879 1320 1962 1374 vicj
2003 1320 2118 1362 inter

307 1401 472 1437 terram
505 1393 666 1448 robertj
701 1408 809 1447 gray
841 1406 893 1434 ex
925 1391 1190 1445 occidentalj
1226 1405 1279 1432 ex
1309 1405 1397 1432 vna
1418 1396 1582 1431 terram
1618 1390 1772 1432 altaris
1805 1389 1905 1431 diue
1932 1391 2116 1432 barbare

306 1465 490 1519 virginis
512 1464 625 1506 infra
648 1463 814 1505 dictam
838 1461 1075 1504 ecclesiam
1102 1460 1406 1515 parochialem
1437 1460 1590 1502 situati
1613 1475 1666 1501 ex
1688 1460 1890 1514 orientalj
1916 1460 2117 1514 partibus

308 1537 362 1578 ab
397 1536 538 1578 altera
574 1541 740 1577 terram
774 1535 1000 1588 quondam
1032 1532 1206 1587 patricij
1240 1533 1326 1574 vod
1356 1546 1511 1573 versus
1544 1533 1723 1573 boream
1756 1538 1798 1573 et
1831 1545 2115 1573 communem

309 1605 426 1648 viam
448 1605 618 1660 regiam
640 1619 794 1646 versus
817 1610 1021 1646 austrum
1046 1604 1110 1644 IN
1136 1602 1345 1644 manibus
1374 1601 1648 1644 honorabilis
1669 1601 1748 1656 virj
1780 1601 1953 1656 gilbertj
1980 1601 2117 1656 maly-

309 1690 415 1717 sone
441 1675 571 1717 vnius
593 1675 860 1717 balliuorum
884 1674 988 1728 dictj
1015 1673 1139 1727 burgj
1166 1687 1243 1727 per
1263 1687 1400 1714 vnum
1424 1672 1655 1714 denarium
1686 1673 1739 1714 de
1768 1672 1910 1714 ou‘ttol
1941 1686 2117 1714 sursum

308 1745 498 1787 reddidit
521 1759 716 1800 pureque
739 1752 782 1786 et
807 1744 1070 1799 simpliciter
1090 1743 1336 1798 resignauit
1359 1746 1422 1785 Ac
1445 1750 1590 1785 totum
1616 1745 1692 1785 Ius
1710 1751 1752 1785 et
1776 1743 1998 1785 clameum
2021 1758 2118 1797 pro-

307 1816 544 1871 prietatem
568 1822 609 1858 et
633 1815 962 1870 possessionem
987 1829 1071 1869 que
1094 1815 1228 1856 habet
1261 1814 1417 1856 habuit
1451 1821 1526 1856 aut
1560 1814 1721 1856 habere
1744 1814 1906 1868 poterit
1929 1814 1973 1855 in
1997 1820 2039 1855 et
2063 1815 2118 1855 ad

309 1886 526 1940 eiusmodj
552 1900 751 1927 annuum
774 1884 996 1927 redditum
1027 1899 1129 1926 cum
1159 1884 1441 1939 pertinentiis
1463 1899 1542 1938 pro
1574 1899 1619 1925 se
1649 1884 1885 1926 heredibus
1914 1890 1957 1925 et
1981 1883 2118 1938 assig-

309 1955 427 1997 natis
464 1955 646 1997 omnino
683 1953 1102 2009 quietumclamauit
1140 1953 1469 2007 imperpetuum
1507 1954 1575 1995 Ad
1612 1954 1808 1995 dandum
1845 1952 2041 1994 sasinam
2075 1958 2117 1994 et

308 2025 637 2079 possessionem
676 2024 998 2066 successoriam
1041 2023 1240 2065 eiusdem
1283 2023 1417 2078 annuj
1458 2023 1656 2065 redditus
1693 2038 1794 2065 cum
1837 2022 2118 2078 pertinentiis

307 2093 512 2136 discretis
552 2093 658 2135 viris
700 2099 854 2135 curato
897 2099 939 2134 et
982 2091 1227 2146 capellanis
1270 2092 1391 2146 chorj
1436 2092 1623 2134 ecclesie
1666 2092 1957 2147 parrochialis
1998 2092 2115 2146 beatj

311 2161 490 2216 nicolaij
530 2163 583 2203 de
621 2161 830 2203 abirdene
872 2167 915 2202 et
958 2159 1051 2202 suis
1093 2160 1426 2202 successoribus
1468 2160 1712 2214 capellanis
1753 2160 1952 2202 eiusdem
1994 2160 2115 2215 chorj

307 2231 636 2286 imperpetuum
683 2231 742 2272 Et
788 2235 1113 2283 consequenter
1153 2228 1299 2270 dictus
1344 2228 1538 2270 balliuus
1579 2229 1632 2270 de
1675 2229 1856 2283 specialj
1905 2230 2118 2271 mandato

307 2301 448 2355 ipsius
493 2300 774 2355 resignantes
817 2299 1015 2341 sasinam
1059 2305 1102 2340 et
1150 2298 1480 2352 possessionem
1528 2298 1850 2341 successoriam
1895 2298 2034 2340 totius
2075 2304 2118 2340 et

307 2371 466 2426 integrj
503 2371 608 2425 dictj
646 2370 780 2425 annuj
826 2369 1026 2411 redditus
1058 2368 1297 2423 vigintisex
1339 2369 1581 2410 solidorum
1619 2375 1661 2410 et
1699 2375 1800 2410 octo
1836 2368 2118 2410 denariorum

308 2448 487 2482 monete
534 2440 758 2483 antedicte
810 2439 1044 2482 annuatim
1091 2439 1333 2481 leuandum
1376 2446 1419 2481 et
1461 2439 1794 2494 percipiendum
1837 2440 1890 2481 de
1931 2445 2027 2481 tota
2075 2444 2118 2481 et

308 2510 481 2565 integra
522 2517 641 2552 terra
681 2509 881 2565 predicta
922 2516 965 2552 et
1009 2509 1187 2551 hortulo
1229 2509 1428 2551 eiusdem
1471 2524 1573 2551 cum
1615 2509 1896 2564 pertinentiis
1938 2510 1993 2551 ad
2033 2515 2118 2550 ter-

309 2578 455 2621 minos
500 2579 827 2634 suprascriptos
873 2578 1064 2620 discreto
1110 2577 1203 2619 viro
1255 2578 1435 2620 domino
1477 2579 1654 2620 roberto
1696 2579 1846 2632 bynny
1887 2577 2118 2632 capellano

309 2648 533 2702 collectorj
559 2663 610 2690 ac
633 2648 906 2702 procuratorj
932 2654 975 2689 et
998 2662 1049 2689 eo
1079 2647 1259 2689 nomine
1288 2647 1560 2701 prefatorum
1590 2648 1923 2701 capellanorum
1947 2661 2118 2689 eorum-

309 2732 394 2772 que
436 2732 745 2759 successorum
783 2732 860 2772 per
895 2717 1025 2759 vnius
1057 2717 1225 2772 denarij
1265 2719 1319 2759 de
1357 2717 1493 2759 Intoll
1528 2717 1814 2759 donationem
1850 2717 2038 2759 contulit
2075 2723 2118 2759 et

308 2802 410 2829 curn
448 2788 608 2829 effectu
645 2787 907 2829 deliberauit
949 2802 1001 2830 ac
1039 2787 1187 2842 ipsum
1230 2788 1514 2829 collectorem
1557 2787 1736 2829 nomine
1779 2802 1864 2841 quo
1902 2801 2037 2841 supra
2073 2786 2118 2828 in

309 2859 499 2899 eundem
527 2857 700 2899 induxit
732 2857 945 2912 imposuit
978 2864 1021 2899 et
1054 2857 1343 2912 corporaliter
1374 2857 1605 2900 inuestiuit
1639 2859 1884 2899 secundum
1917 2864 2117 2899 tenorem

311 2927 463 2970 charte
485 2927 760 2970 fundationis
783 2929 972 2984 desuper
994 2928 1194 2971 confecte
1227 2928 1352 2972 saluo
1386 2929 1487 2971 Iure
1521 2927 1755 2972 cuiuslibet
1789 2928 1931 2986 Super
1959 2927 2119 2985 quibus

2142 429 2217 469 xxvj
2236 438 2251 459 s
2268 428 2309 459 de

2143 478 2230 502 terra
2247 471 2374 512 dominj

2145 515 2307 546 Iohannis

2144 559 2254 589 Waus
