2524 3418
148 477 268 509 Obitus
285 477 412 510 domini

146 521 266 552 roberti
285 529 401 562 paton-

145 575 229 596 soun

143 1228 197 1260 sol.
221 1229 259 1260 84
271 1226 283 1245 ²

144 1315 265 1345 Obitus
284 1313 396 1345 Iacobi

142 1358 283 1389 blinsele

144 1779 266 1812 Obitus
282 1778 410 1812 domini

143 1823 309 1856 Willelmi
328 1823 411 1855 leith

147 2383 268 2416 Obitus
290 2382 411 2415 Iohan-

145 2428 198 2459 nis
216 2427 336 2460 Stokar

151 2911 273 2943 Obitus

149 2954 331 2986 Alexandri

149 2997 332 3040 stranghed

448 366 529 407 214
906 351 1078 394 chtale
1109 351 1291 394 obituum
1321 355 1358 393 et
1387 351 1786 395 Anniuersariorum

561 468 721 511 Obitus
744 468 966 521 quondam
990 465 1156 508 domini
1182 465 1365 508 Roberti
1398 472 1644 520 patonsone
1677 466 1896 521 capellanj
1927 466 2009 509 fuit
2032 467 2076 508 in
2099 467 2242 522 prima

445 538 667 579 dominica
704 544 802 591 post
840 537 1001 577 festum
1040 535 1234 589 corporis
1273 535 1425 576 christi
1462 536 1592 577 Anno
1628 536 1795 577 domini
1834 536 2071 578 millesimo
2108 537 2243 590 quad—

444 607 760 661 ringentesimo
798 605 1021 647 tricesimo
1060 605 1260 659 Septimo
1292 605 1364 659 quj
1405 606 1698 648 celebrabitur
1735 606 1967 648 annuatim
2006 606 2050 648 in
2086 607 2240 648 eadem

443 676 666 718 dominica
690 690 789 717 cum
815 675 998 729 placebo
1021 681 1062 716 et
1086 674 1224 728 dirige
1257 674 1300 715 in
1334 675 1502 717 Sabato
1534 675 1787 729 precedenti
1824 682 1867 717 et
1899 690 2000 717 cum
2030 675 2166 718 missa
2188 676 2241 717 de

443 754 548 788 nota
590 754 631 788 et
674 745 889 799 trigintali
935 758 1012 798 per
1057 743 1328 786 ebdomitam
1376 750 1635 798 sequentem
1679 745 1738 786 Et
1791 745 2076 787 celebrabunt
2123 744 2242 787 aliud

441 816 665 871 trigintale
712 816 764 856 de
811 819 926 855 xxx²³
966 814 1114 855 missis
1165 813 1397 856 annuatim
1440 815 1495 856 ad
1537 814 1698 856 festum
1738 814 1891 857 Sancti
1943 813 2121 868 martinj
2165 827 2243 868 pro

442 885 707 939 quoquidem
751 883 1055 926 anniuersario
1099 884 1389 926 Infeodantur
1429 885 1482 926 de
1518 883 1674 939 viginti
1712 899 1732 926 s
1768 885 1822 926 de
1858 891 1975 927 terra
2019 885 2242 939 quondam

441 954 606 996 domini
637 955 788 996 thome
819 954 956 1008 heruy
978 968 1113 1008 prope
1143 955 1325 996 domum
1357 961 1510 997 sancte
1538 954 1752 997 trinitatis
1773 957 1826 997 de
1851 955 1989 997 crofto
2016 953 2242 997 alexandri

442 1040 536 1066 mar
569 1026 686 1079 apud
724 1025 958 1066 crabstane
995 1039 1022 1066 x
1053 1039 1074 1066 s
1110 1032 1153 1067 et
1185 1024 1227 1066 vi
1260 1026 1286 1067 d
1324 1032 1366 1067 et
1403 1026 1457 1068 de
1490 1026 1628 1068 crofto
1667 1026 1882 1068 Iohannis
1924 1026 2095 1069 Culane
2126 1026 2244 1081 apud

442 1094 704 1136 Crabistane
734 1095 787 1136 de
816 1093 907 1135 xliii
937 1094 964 1135 d

557 1221 717 1264 Obitus
739 1222 964 1275 quondam
990 1221 1140 1263 Iacobi
1163 1221 1337 1263 blinsell
1356 1220 1400 1263 in
1418 1222 1487 1264 die
1511 1223 1675 1265 Sancte
1697 1222 1911 1264 trinitatis
1934 1236 2051 1264 anno
2075 1220 2242 1264 domini

442 1289 677 1331 millesimo
715 1289 1152 1344 quadringentesimo
1189 1289 1556 1345 quinquagesimo
1592 1291 1673 1333 fuit
1712 1291 1850 1334 Cuius
1887 1290 2240 1333 anniuersarium

441 1359 659 1414 capellani
697 1359 982 1401 celebrabunt
1019 1359 1062 1401 in
1100 1360 1184 1402 hac
1219 1360 1361 1402 forma
1397 1361 1629 1403 annuatim
1666 1361 1820 1402 xxiiiior
1857 1361 2017 1403 missas
2054 1360 2097 1402 in
2127 1360 2241 1402 festo

441 1429 711 1483 penticostes
747 1436 789 1471 et
826 1435 891 1471 tot
930 1429 1090 1471 missas
1127 1429 1170 1471 in
1209 1430 1534 1485 Solempnitate
1572 1431 1726 1474 Sancti
1763 1431 1942 1485 martinj
1977 1430 2021 1472 in
2056 1424 2244 1473 ecclesia

440 1499 556 1540 beati
583 1499 792 1553 nicholaij
818 1513 895 1554 pro
919 1515 1005 1553 quo
1040 1500 1331 1542 Infeodantur
1352 1500 1396 1542 in
1419 1515 1495 1542 sex
1518 1516 1538 1543 s
1559 1502 1612 1543 de
1634 1508 1751 1544 terra
1782 1501 1996 1543 Iohannis
2026 1501 2243 1543 malisone

439 1567 483 1609 in
505 1568 602 1610 vico
627 1568 837 1611 Inferiore
860 1569 1045 1611 ecclesie
1067 1576 1109 1611 et
1133 1570 1177 1612 in
1200 1570 1343 1612 decim
1362 1585 1382 1612 s
1405 1572 1457 1613 de
1479 1577 1596 1614 terra
1617 1573 1792 1614 Andree
1819 1585 2056 1614 muresoun
2079 1571 2124 1613 in
2145 1570 2243 1614 vico

438 1636 631 1680 inferiori
654 1638 839 1681 ecclesie
861 1645 991 1694 prout
1014 1638 1267 1694 responsuri
1290 1646 1394 1682 sunt
1417 1641 1481 1683 &c

559 1764 720 1808 Obitus
742 1767 966 1820 quondam
993 1766 1160 1809 domini
1183 1767 1402 1810 Willelmi
1434 1767 1569 1810 leithe
1605 1768 1823 1823 capellanj
1857 1768 1902 1810 in
1933 1768 2046 1810 festo
2077 1767 2243 1810 exalta-

443 1833 577 1876 tionis
615 1835 778 1876 Sancte
816 1835 972 1877 Crucis
1008 1837 1138 1878 Anno
1175 1836 1342 1878 domini
1375 1836 1613 1879 millesimo
1645 1845 1795 1880 ccccmo
1825 1837 2050 1880 tricesimo
2082 1843 2243 1879 octauo

445 1903 584 1946 Cuius
615 1904 969 1946 anniuersarium
1001 1905 1220 1959 capellani
1252 1906 1528 1948 celibrabunt
1561 1907 1616 1948 ad
1647 1906 1788 1948 altare
1818 1906 1937 1948 beati
1969 1905 2167 1948 leonardi
2198 1904 2243 1946 in

444 1973 644 2027 proxima
665 1973 888 2016 dominica
911 1975 1113 2029 sequenti
1135 1990 1236 2018 cum
1260 1975 1457 2030 exequiis
1485 1977 1538 2018 de
1569 1977 1754 2031 placebo
1786 1982 1829 2018 et
1861 1976 1998 2031 dirige
2020 1975 2065 2017 in
2088 1976 2244 2018 sabato

444 2043 697 2097 precedenti
739 2045 793 2085 ad
835 2058 1069 2086 numerum
1106 2045 1165 2086 xii
1203 2046 1534 2100 capellanorum
1572 2053 1614 2088 et
1652 2060 1753 2088 cum
1796 2045 1932 2088 missa
1968 2046 2022 2087 de
2058 2051 2164 2087 nota
2200 2049 2243 2086 et

444 2112 670 2167 trigentali
693 2128 770 2168 per
791 2114 1062 2157 ebdomitam
1086 2122 1345 2169 sequentem
1379 2123 1426 2158 ut
1459 2115 1595 2158 moris
1626 2122 1692 2158 est
1725 2129 1803 2170 pro
1835 2129 1922 2170 quo
1955 2115 2245 2156 Infeodantur

445 2182 489 2224 in
523 2183 754 2225 Sexdecim
782 2198 803 2226 s
828 2185 880 2226 de
911 2190 1028 2227 terra
1059 2191 1152 2228 tam
1187 2185 1403 2228 Interiore
1432 2200 1565 2240 quam
1595 2185 1813 2228 anteriore
1842 2185 2043 2239 lindesay
2067 2182 2245 2226 harrald

447 2253 629 2295 Iacente
650 2251 695 2295 in
717 2252 814 2296 vico
837 2253 1028 2296 inferiori
1052 2254 1238 2297 ecclesie
1259 2261 1389 2311 prout
1412 2256 1708 2311 respondeant

561 2367 721 2411 Obitus
763 2370 987 2422 quondam
1033 2370 1248 2412 Iohannis
1291 2370 1454 2413 Stokar
1487 2403 1496 2412 .
1532 2403 1542 2413 .
1576 2402 1585 2412 .
1619 2372 1748 2412 Anno
1794 2368 1961 2412 domini
2007 2366 2244 2410 millesimo

445 2437 883 2492 quadringentesimo
916 2471 926 2481 .
961 2472 971 2481 .
1005 2472 1015 2482 .
1049 2440 1188 2483 Cuius
1220 2440 1574 2483 anniuersarium
1607 2439 1824 2495 capellanj
1857 2439 2142 2481 celebrabunt
2168 2451 2244 2480 an-

444 2507 616 2550 nuatim
650 2508 695 2549 in
732 2509 956 2552 dominica
987 2510 1187 2564 proxima
1218 2518 1318 2565 post
1350 2511 1513 2552 festum
1551 2511 1818 2552 Sanctorum
1851 2508 2030 2563 crispinj
2065 2513 2108 2550 et
2140 2506 2244 2550 cris-

444 2577 610 2632 pinianj
643 2578 698 2619 ad
727 2578 868 2620 altare
897 2580 1136 2622 eorundem
1166 2593 1268 2622 cum
1299 2579 1436 2622 missa
1465 2581 1517 2622 de
1546 2586 1652 2621 nota
1675 2585 1717 2621 et
1740 2577 1955 2633 trigintali
1984 2582 2244 2631 sequentem

444 2661 521 2702 per
548 2648 819 2690 ebdomitam
849 2663 927 2703 pro
956 2664 1041 2704 quo
1072 2651 1363 2693 Infeodantur
1383 2651 1427 2692 in
1451 2649 1644 2705 quinque
1677 2649 1830 2691 solidis
1857 2656 1900 2691 et
1930 2655 2120 2703 quatuor
2140 2648 2167 2689 d
2190 2647 2243 2688 de

443 2724 561 2759 terra
585 2717 801 2760 Iohannis
823 2718 981 2761 culane
1003 2726 1045 2762 et
1068 2719 1112 2762 in
1135 2735 1212 2763 sex
1234 2720 1387 2763 solidis
1409 2721 1462 2762 de
1485 2719 1624 2762 crofto
1650 2720 1768 2774 apud
1790 2719 1830 2761 le
1853 2719 2088 2761 crabstane
2113 2720 2244 2772 prout

443 2786 697 2841 responsuri
720 2794 823 2830 sunt

560 2901 720 2944 Obitus
744 2903 983 2946 Alexandri
1011 2905 1253 2960 stranghed
1284 2905 1329 2946 in
1359 2905 1472 2947 festo
1504 2903 1779 2947 aduinculati
1812 2903 1966 2946 Sancti
1991 2902 2105 2958 petri
2128 2915 2246 2944 anno

445 2970 611 3012 domini
641 2971 878 3015 millesimo
910 2973 1348 3029 quadringentesimo
1379 2973 1606 3017 tricesimo
1638 2973 1838 3028 Septimo
1872 2972 2010 3016 Cuius
2043 2971 2246 3015 anniuer-
