2524 3418
735 328 960 371 Commune
991 325 1164 366 Rentale
1181 323 1501 379 Capellanorum
1522 321 1678 363 ecclesie
2029 330 2108 374 197

422 447 609 488 Summa
631 442 764 486 huius
786 456 842 484 xx
864 456 884 483 8

421 517 536 558 Item
561 529 638 569 pro
661 513 783 556 obitu
805 510 1023 555 Willelmi
1054 510 1203 551 futhes
1225 510 1278 550 de
1303 514 1421 550 terra
1443 507 1549 550 olim
1572 505 1791 560 Willelmj
1815 518 2039 546 ranesoun
2062 504 2106 545 in

303 585 401 627 vico
424 584 637 639 superiori
659 582 845 624 ecclesie
867 595 984 622 nunc
1007 581 1169 622 andree
1194 584 1396 620 stratoun
1854 573 1928 628 xiij
1954 588 1974 615 8
1997 573 2056 628 iiij
2083 574 2109 615 d

423 656 609 697 Summa
630 653 762 695 huius
784 652 858 706 xiij
884 667 904 693 8
926 651 986 705 iiij
1012 651 1039 692 d

423 726 538 766 Item
571 737 648 778 pro
681 722 920 764 alexandro
953 718 1210 773 strangheid
1243 719 1296 760 de
1328 724 1446 759 terra
1483 717 1706 772 quondam
1744 714 1906 756 andree
1942 712 2110 755 branch

306 809 439 849 quarn
471 793 692 835 inhabitat
729 792 937 834 matheus
969 789 1136 832 branch
1169 789 1213 829 in
1244 788 1343 830 vico
1380 787 1563 829 nauium
1602 801 1654 828 ex
1688 783 1954 828 occidentali
1986 789 2111 837 parte

306 864 505 906 eiusdem
1904 867 1931 893 x
1953 866 1974 893 8
1996 851 2056 906 iiij
2083 852 2110 893 d

423 934 538 974 Item
570 946 648 986 pro
680 932 836 973 eodem
868 931 922 972 de
953 929 1110 971 horreo
1143 928 1367 982 quondam
1400 925 1572 980 patricij
1598 924 1735 979 lesley
1755 936 1873 965 nunc
1896 922 2111 964 heredum

307 1016 487 1044 suorum
510 1001 554 1043 in
576 1001 674 1043 vico
695 1000 822 1054 viridj
844 1001 1025 1041 Iacente
1050 999 1182 1040 quta
1204 996 1471 1038 cimiterium
1495 995 1680 1038 ecclesie
1703 993 1792 1047 diuj
1818 991 1994 1046 nicolaij
2043 1006 2070 1033 v
2092 1005 2113 1032 8

422 1072 609 1113 Summa
632 1070 764 1112 huius
786 1085 842 1111 xv
863 1084 884 1111 8
906 1069 966 1123 iiij
993 1070 1019 1110 d

424 1142 540 1182 Item
572 1155 650 1195 pro
684 1141 853 1182 Ioanne
887 1139 1064 1181 stocker
1093 1138 1148 1179 de
1179 1143 1296 1178 terra
1329 1136 1553 1190 quondam
1588 1132 1772 1176 Ioannis
1804 1132 1963 1174 culane
1994 1144 2112 1172 nunc

306 1209 518 1252 heredum
554 1224 735 1252 suorum
775 1211 956 1252 Iacente
993 1208 1038 1250 in
1074 1207 1172 1249 vico
1208 1207 1433 1248 furcarum
1472 1206 1604 1247 quta
1641 1203 1671 1245 li
1707 1202 1832 1245 braid
1873 1208 2023 1256 gutter
2062 1214 2115 1241 ex

306 1280 492 1322 australi
515 1287 640 1335 parte
663 1280 862 1322 eiusdem
1908 1287 1937 1313 v
1959 1286 1979 1313 8
2001 1271 2061 1325 iiij
2087 1272 2114 1313 d

423 1352 539 1393 Item
572 1366 650 1406 pro
683 1352 838 1393 eodem
872 1351 925 1392 de
956 1355 1075 1391 terra
1108 1348 1332 1402 quondam
1365 1344 1592 1388 alexandri
1624 1343 1731 1386 roch
1760 1356 1878 1384 nunc
1900 1341 2114 1383 heredum

305 1421 402 1464 eius
423 1421 468 1463 in
489 1421 587 1463 vico
608 1421 738 1476 viridj
2026 1409 2068 1464 vj
2095 1423 2115 1451 S

423 1562 539 1603 Item
563 1560 778 1615 magistro
801 1560 1003 1602 Iohanne
1034 1557 1266 1601 badenach
1297 1562 1340 1598 et
1372 1561 1497 1611 patre
1525 1553 1725 1596 eiusdem
1754 1552 1808 1594 de
1829 1557 1947 1593 terra
1976 1548 2116 1604 ipsius

304 1629 508 1685 magistri
533 1630 716 1673 Ioannis
737 1644 855 1672 nunc
877 1629 1091 1671 heredum
1117 1627 1300 1670 Ioannis
1322 1625 1585 1668 matheland
1951 1619 2070 1674 xxiiij
2096 1634 2117 1661 s

425 1701 479 1742 In
499 1700 598 1742 vico
626 1699 819 1742 inferiori
849 1699 1036 1742 ecclesie
1062 1713 1115 1740 ex
1141 1696 1326 1740 australi
1349 1695 1464 1752 parti
1487 1695 1685 1737 eiusdem
1708 1698 1752 1735 et
1780 1692 1833 1734 de
1855 1689 1981 1746 pecia
2002 1695 2117 1731 terre

306 1768 423 1812 inter
443 1769 560 1812 hanc
583 1776 626 1812 et
648 1776 891 1812 torrentem
916 1770 1098 1811 Iacente
1994 1759 2064 1814 ΧΥ]
2090 1760 2117 1801 d

424 1840 612 1882 Summa
633 1839 766 1882 huius
788 1854 874 1881 xxv
895 1854 916 1881 8
937 1839 998 1894 iiij
1024 1840 1051 1881 d

426 1910 542 1952 Item
575 1924 653 1964 pro
688 1911 864 1952 roberto
896 1923 1003 1963 crag
1033 1914 1076 1950 et
1107 1921 1239 1950 vxore
1272 1919 1350 1961 pro
1382 1904 1521 1947 missa
1552 1905 1605 1946 de
1637 1901 1832 1957 quinque
1862 1898 2119 1942 vulneribus

307 1978 430 2020 omni
453 1985 578 2021 sexta
599 1978 706 2021 feria
730 1980 785 2021 ad
804 1979 944 2021 altare
967 1977 1111 2020 sancti
1134 1976 1246 2032 petri
1268 1977 1322 2018 de
1343 1982 1461 2017 terra
1483 1974 1708 2029 quondam
1731 1971 1930 2014 eiusdem
1952 1968 2114 2023 robertj

308 2062 427 2090 nunc
468 2048 688 2091 Willelmi
730 2047 836 2103 king
877 2046 1071 2102 allutarij
1115 2046 1160 2088 in
1200 2045 1299 2088 vico
1339 2045 1564 2087 furcarum
1602 2057 1655 2085 ex
1691 2038 1956 2084 occidentali
1992 2043 2118 2093 parte

308 2116 507 2159 eiusdem
530 2116 575 2159 in
599 2116 803 2172 opposito
824 2117 1011 2159 fratrum
1034 2115 1256 2158 minorum
1952 2107 2072 2162 xxiiij
2098 2121 2118 2148 8

426 2187 613 2229 Summa
634 2186 769 2228 huius
797 2185 916 2240 xxiiij
943 2200 963 2227 8

428 2257 543 2298 Item
576 2271 654 2312 pro
688 2257 851 2299 Iacobo
883 2255 1100 2298 collisoun
1133 2255 1186 2296 de
1217 2260 1335 2296 terra
1367 2252 1593 2307 quondam
1627 2248 1762 2292 dauid
1794 2249 2042 2291 adamsoun
2074 2244 2119 2287 in

308 2323 406 2367 vico
439 2325 663 2368 furcarum
696 2339 749 2367 ex
780 2323 984 2367 orientali
1018 2330 1143 2379 parte
1178 2322 1375 2365 eiusdem
1409 2334 1528 2363 nunc
1561 2320 1774 2362 heredum
1808 2316 1914 2360 dicti
1947 2314 2121 2359 dauidis

2015 2399 2072 2439 X1J
2098 2399 2119 2426 s

427 2465 542 2506 Item
575 2478 654 2518 pro
685 2464 841 2505 eodem
874 2464 927 2505 de
958 2469 1076 2504 terra
1110 2459 1326 2503 Iohannis
1351 2459 1475 2514 piper
1502 2458 1547 2500 in
1573 2457 1773 2512 predicto
1798 2456 1896 2499 vico
1925 2470 1977 2498 ex
2005 2453 2118 2497 occi-

310 2533 478 2576 dentali
500 2540 625 2588 parte
647 2532 845 2575 eiusdem
871 2534 1054 2575 Iacente
2005 2524 2033 2579 ij
2058 2522 2119 2566 s*

430 2605 544 2646 Item
571 2617 649 2658 pro
675 2605 830 2645 eodem
857 2604 910 2646 de
935 2609 1054 2645 terra
1080 2601 1305 2657 quondam
1332 2598 1550 2653 Willelmj
1579 2597 1738 2641 beiltze
1763 2609 1881 2638 nunc
1907 2595 2119 2637 heredum

312 2672 512 2716 eiusdem
535 2672 580 2714 in
603 2672 632 2713 11
655 2672 865 2714 schuilhil
890 2673 1073 2714 Iacente
1095 2685 1148 2713 ex
1170 2668 1335 2712 boreali
1358 2674 1484 2722 parte
1506 2667 1705 2709 eiusdem
2046 2662 2074 2717 ij
2100 2676 2121 2704 8

430 2745 544 2786 Item
577 2757 656 2798 pro
687 2744 842 2784 eodem
866 2743 918 2784 de
941 2749 1058 2784 terra
1090 2739 1268 2794 nicolaij
1303 2739 1487 2780 baxstar
1514 2738 1558 2779 in
1580 2737 1678 2779 vico
1710 2734 1903 2778 inferiori
1935 2732 2121 2776 ecclesie

312 2827 364 2856 ex
387 2812 571 2855 australi
595 2819 719 2867 parte
742 2811 940 2854 eiusdem
966 2813 1148 2854 Iacente
2046 2802 2074 2857 ij
2098 2816 2122 2844 8

312 2964 330 2980 ³*
351 2974 386 3005 15
406 2963 594 2996 decembris
613 2966 694 3006 1607
715 2964 921 2996 Productum
938 2964 972 2995 in
989 2963 1129 2996 modurn
1145 2961 1356 3004 probationis
1372 2966 1492 2993 contra
1510 2961 1675 2992 Ioannem
1691 2957 1790 2990 touth
1909 2954 2122 2987 Robertsoun
