2524 3418
710 331 927 373 Fundacio
957 332 1194 373 Alexandri
1223 332 1270 373 de
1301 333 1454 387 Iruyne
1485 333 1532 375 de
1564 333 1708 376 beldeis
2057 350 2111 391 99

305 446 557 500 aliqualiter
583 446 696 502 exigi
718 446 879 502 poterit
901 452 978 489 aut
1000 445 1160 502 requirj
1193 447 1252 489 Et
1281 461 1363 502 ego
1394 461 1497 490 vero
1529 447 1675 491 dictus
1703 450 1906 493 Andreas
1927 450 2112 494 heredes

307 515 394 557 mei
417 521 460 557 et
483 515 699 570 assignati
730 521 850 558 totos
883 521 925 558 et
957 514 1153 570 integros
1185 530 1359 559 annuos
1390 516 1589 560 redditus
1620 518 1861 573 prelibatos
1890 534 1991 562 cum
2021 521 2114 563 suis

307 584 595 639 pertinenciis
623 584 793 639 prefato
822 583 1002 626 domino
1036 584 1227 627 Iohanni
1260 591 1302 627 et
1336 585 1428 627 suis
1461 586 1804 630 Successoribus
1833 588 1877 629 in
1907 588 2114 632 omnibus

308 659 350 695 et
374 668 450 708 per
471 652 622 695 omnia
643 659 689 695 vt
712 652 978 707 premissum
1002 659 1068 695 est
1092 667 1170 707 per
1191 668 1346 696 omnes
1368 660 1510 697 terras
1532 670 1583 698 ac
1607 656 1913 710 possessiones
1936 665 2114 701 nostras

308 728 464 765 contra
486 736 642 764 omnes
668 721 881 763 mortales
911 721 1291 764 varantizabimus
1323 723 1678 777 acquietabimus
1700 731 1742 768 et
1777 726 2113 781 Imperpetuum

308 790 595 833 defendemus
619 791 672 831 In
698 788 825 832 cuius
853 789 914 832 rei
936 789 1244 832 testimonium
1274 791 1377 834 huic
1406 793 1599 848 presentj
1632 795 1765 837 Carte
1787 810 1884 838 mee
1908 796 2114 851 Sigillum

309 874 458 901 meum
491 866 534 901 et
568 858 774 913 Sigillum
798 859 1070 902 honorabilis
1093 859 1174 901 viri
1207 861 1380 916 patricij
1413 862 1535 905 leslie
1566 863 1697 906 vnius
1719 865 1985 909 balliuorum
2009 867 2115 910 dicti

308 928 434 982 burgi
462 942 514 971 ac
548 928 732 970 Datoris
763 928 910 970 sasine
940 928 1195 971 huiusmodi
1227 931 1362 985 annuj
1396 932 1594 975 redditus
1627 940 1730 976 sunt
1760 949 1958 990 appensa
1986 937 2116 992 Apud

308 997 528 1039 Abirdene
550 1003 707 1051 quarto
730 997 799 1039 die
822 997 989 1040 mensis
1013 998 1128 1052 Iunij
1156 1000 1286 1042 Anno
1308 1000 1476 1042 domini
1499 1001 1736 1046 millesimo
1759 1004 2116 1059 quingentesimo

309 1067 464 1122 quinto
507 1069 669 1111 Coram
710 1068 894 1110 famosis
934 1068 1040 1110 viris
1084 1069 1264 1112 domino
1306 1070 1440 1113 dauid
1481 1071 1570 1114 liell
1613 1073 1817 1116 Waltero
1858 1075 2116 1118 Wischeart

310 1138 505 1180 Roberto
523 1137 597 1192 pip
612 1137 844 1181 WVillelmo
861 1138 1153 1181 nicholsoune
1172 1139 1373 1182 Iohanne
1391 1141 1618 1184 matlande
1633 1143 1927 1198 burgensibus
1941 1146 2118 1188 Andrea

309 1206 508 1249 Nauchti
531 1208 786 1262 Sergeando
808 1207 988 1250 domino
1012 1207 1214 1250 Iohanne
1238 1208 1482 1264 Stirueling
1504 1211 1690 1253 Notario
1713 1212 1890 1266 publico
1905 1227 1993 1256 vna
2016 1228 2117 1256 curn

310 1275 456 1331 sigillo
491 1276 642 1319 Dauid
665 1291 844 1332 murray
865 1277 942 1332 filij
978 1277 1064 1320 mei
1091 1284 1133 1320 et
1159 1278 1334 1321 heredis
1356 1280 1613 1334 apparentis
1635 1280 1679 1322 in
1706 1281 1883 1336 signum
1917 1282 1984 1325 sui
2017 1297 2118 1326 con-

309 1360 468 1389 sensus
490 1353 532 1389 et
562 1361 774 1389 assensus
798 1348 987 1402 Insuper
1008 1347 1154 1390 dictus
1176 1348 1384 1391 dominus
1409 1350 1635 1392 Iohannes
1661 1356 1704 1393 et
1730 1351 1797 1393 sui
1828 1352 2119 1396 Successores

309 1415 539 1459 inuenient
579 1431 714 1459 vnam
756 1417 997 1472 lampidem
1035 1419 1264 1461 ardentem
1305 1425 1348 1461 et
1386 1419 1473 1462 alia
1515 1419 1752 1463 luminaria
1794 1422 1849 1463 ad
1898 1422 2117 1476 prefatum

310 1486 450 1529 altare
478 1487 704 1542 perpetuis
732 1487 1008 1543 temporibus
1035 1488 1196 1531 futuris
1223 1495 1270 1532 vt
1297 1489 1433 1531 moris
1459 1496 1525 1532 est
1552 1491 1607 1533 ad
1633 1489 1721 1533 alia
1749 1490 1906 1533 alteria
1933 1491 2118 1534 fundata

310 1556 355 1599 in
381 1556 500 1600 dicta
525 1557 714 1600 ecclesia

428 1628 616 1670 Summa
639 1627 773 1670 huius
794 1643 850 1670 xx
873 1643 893 1670 s
927 1661 935 1670 .
972 1660 982 1670 .
1017 1661 1026 1670 .

1165 1802 1262 1844 LV.

372 1908 424 1936 10
449 1894 597 1937 markis
619 1894 776 1950 fundat
799 1893 938 1936 zeirlie
965 1894 1007 1935 be
1032 1893 1094 1935 the
1115 1893 1254 1935 Laird
1278 1893 1326 1948 of
1342 1895 1483 1935 Drum
1508 1898 1546 1935 to
1572 1894 1633 1935 the
1656 1893 1839 1950 Clzeplcm
1867 1894 1915 1950 of
1936 1895 2063 1937 Sanct

1040 1965 1087 2006 N
1090 1963 1248 2006 inz'cmes
1274 1964 1385 2005 altar

424 2056 778 2100 LEXANDER
824 2055 986 2110 Iruyne
1028 2054 1081 2097 de
1122 2055 1250 2096 drum
1280 2053 1409 2096 miles
1437 2053 1611 2096 dilectis
1643 2053 1754 2096 meis
1785 2054 2036 2097 Alexandro
2069 2056 2122 2098 de

482 2128 645 2182 Iruyne
681 2127 734 2168 de
771 2124 938 2168 beldeis
975 2130 1017 2166 et
1050 2124 1204 2167 thome
1241 2124 1412 2179 smytht
1449 2124 1628 2167 balliuis
1660 2125 1771 2167 meis
1803 2125 1848 2167 in
1880 2126 1965 2168 hac
1997 2133 2122 2181 parte

313 2197 505 2240 salutem
529 2196 632 2251 quia
654 2195 753 2238 dedi
776 2202 819 2238 et
842 2193 1042 2238 concessi
1060 2195 1141 2237 deo
1159 2201 1201 2237 et
1219 2196 1348 2237 beate
1365 2194 1504 2237 marie
1519 2194 1678 2250 virginj
1704 2210 1755 2237 ac
1778 2196 1908 2238 beato
1927 2195 2123 2239 Niniano

314 2266 555 2309 confessori
581 2265 773 2321 glorioso
799 2271 841 2308 et
867 2265 1075 2308 omnibus
1098 2264 1266 2308 sanctis
1288 2279 1462 2307 necnon
1483 2264 1558 2307 vni
1585 2265 1816 2319 capellano
1839 2265 1991 2308 diuina
2013 2266 2123 2309 cele-

314 2335 460 2379 branti
502 2342 545 2379 et
587 2351 666 2391 pro
706 2341 920 2391 perpetuo
959 2335 1225 2378 celibraturo
1263 2337 1319 2378 ad
1358 2335 1498 2378 altare
1544 2335 1743 2378 eiusdem
1790 2336 1907 2390 beatj
1952 2335 2120 2391 ninianj

315 2406 532 2449 situatum
555 2406 600 2448 in
623 2406 812 2449 ecclesia
838 2405 1082 2461 parochiali
1108 2405 1225 2460 beatj
1250 2405 1460 2460 nicholaij
1486 2406 1610 2460 burgj
1636 2407 1690 2448 de
1711 2405 1965 2448 Abirdenne
1985 2420 2122 2448 vnurn

314 2490 514 2519 annuum
539 2476 782 2518 Redditum
798 2475 940 2518 decim
965 2490 1214 2518 mercarum
1238 2490 1339 2517 cum
1362 2474 1650 2530 pertinenciis
1667 2475 1908 2517 leuandum
1927 2477 1979 2517 de
1996 2475 2125 2517 terris

317 2545 428 2587 meis
450 2547 503 2588 de
525 2546 569 2601 ly
590 2546 700 2601 park
722 2547 775 2588 de
798 2546 925 2588 drum
944 2551 987 2588 et
1010 2546 1063 2587 de
1086 2545 1330 2588 bodaracht
1348 2559 1450 2587 cum
1471 2544 1759 2600 pertinenciis
1781 2550 1911 2599 prout
1933 2544 1977 2586 in
2001 2551 2124 2587 carta

316 2618 506 2671 desuper
536 2617 738 2659 confecta
770 2616 947 2671 plenius
978 2615 1233 2658 continetur
1266 2617 1321 2658 ad
1355 2630 1490 2670 quam
1528 2614 1824 2670 capellaniam
1858 2629 1959 2657 cum
1992 2615 2123 2669 perti-

315 2686 486 2728 nenciis
527 2686 769 2729 discretum
794 2686 938 2729 virum
971 2686 1202 2728 dominum
1246 2686 1495 2728 Iohannem
1541 2686 1594 2728 de
1631 2699 1808 2728 camera
1841 2684 2122 2739 capellanum

315 2755 597 2811 glasguensis
629 2756 856 2799 dioceseos
884 2756 1244 2811 presentauimus
1276 2770 1407 2809 quem
1436 2761 1589 2797 tenore
1618 2754 1897 2809 presencium
1926 2761 2123 2808 present-

316 2841 446 2869 amus
487 2825 626 2868 Vobis
670 2826 813 2881 Igitur
853 2834 896 2869 et
936 2833 1133 2868 vestrum
1178 2826 1303 2880 alterj
1355 2840 1488 2880 super
1535 2824 1800 2867 execucione
1842 2823 2122 2878 presencium

314 2895 527 2950 requisito
553 2895 747 2950 precipio
769 2902 902 2950 atque
926 2896 1089 2938 mando
1121 2901 1342 2949 quatenus
1364 2895 1483 2937 dicto
1506 2893 1686 2936 domino
1720 2892 1909 2947 Iohannj
1943 2892 2011 2935 vel
2044 2908 2124 2934 suo

317 2972 437 3008 certo
459 2972 695 3008 acturnato
727 2965 855 3022 latorj
891 2965 1170 3021 presencium
1199 2965 1406 3009 Sasinam
1430 2971 1472 3006 et
1495 2963 1823 3021 possessionem
1852 2962 1956 3016 dictj
1986 2962 2121 3019 annuj

2150 1909 2208 1940 fol.
2223 1910 2262 1941 39
2275 1908 2288 1928 ²
