2524 3418
99 1351 156 1383 sol.
172 1351 232 1384 40¹

406 349 485 378 1oo
930 335 1053 377 Carta
1086 335 1278 390 magistri
1308 335 1542 388 Alcxandrj
1575 334 1688 376 bisset

403 452 601 494 redditus
624 452 736 494 Cum
769 450 1053 505 pertinenciis
1083 450 1326 490 secundum
1350 455 1549 490 tenorem
1576 448 1692 489 dicte
1724 454 1844 490 carte
1878 447 1979 490 inde
2006 448 2203 490 confecte

403 520 483 561 sibi
509 527 550 561 et
574 519 904 562 successoribus
923 518 1014 560 suis
1039 519 1373 572 Impcrpetuum
1400 516 1692 558 Remansuris
1716 518 1839 558 Iuste
1861 516 2011 559 haberi
2029 517 2204 559 faciatis

403 589 462 630 Et
488 588 581 630 sine
611 587 827 630 dilacione
860 601 991 640 super
1019 600 1105 639 qua
1133 585 1293 627 Sasina
1325 599 1402 639 per
1432 599 1510 627 vos
1543 584 1605 626 sic
1638 591 1686 627 ut
1718 585 1991 639 premittitur
2021 599 2098 639 per
2124 600 2203 627 vos

401 658 627 700 liberanda
660 656 785 698 vobis
818 662 860 697 et
890 660 1086 696 vestrum
1119 652 1417 708 alterj-‘meam
1452 653 1629 708 plenam
1667 653 1900 695 committo
1933 659 2202 708 potestatem

402 739 479 778 per
500 731 728 779 presentes
750 723 910 777 quibus
933 722 976 764 in
1001 722 1176 776 signum
1203 721 1361 764 Sasine
1384 736 1461 777 per
1488 736 1568 764 vos
1596 722 1757 764 tradite
1786 722 1981 776 sigillum
2004 729 2201 765 vestrum

401 800 500 847 post
544 806 691 834 meum
735 792 1013 846 appendatur
1061 791 1229 833 Datum
1274 791 1355 832 sub
1399 789 1554 844 Sigillo
1597 805 1695 832 meo
1741 792 1858 845 apud
1905 791 2203 847 kinharrochy

401 862 519 903 xxix0
549 862 617 903 die
647 860 814 903 mensis
843 859 1113 902 Nouembris
1140 860 1270 901 Anno
1300 857 1467 901 domini
1498 858 1735 900 millesimo
1764 859 2202 913 quadringentesimo

401 929 766 984 quinquagesimo
803 934 927 970 sexto
960 927 1150 970 testibus
1183 928 1434 969 Alexandro
1470 928 1631 982 Iruyne
1665 928 1718 970 de
1752 927 1918 970 beldeis
1951 928 2200 971 Alexandro

400 999 630 1040 bewmond
653 1005 695 1039 et
718 998 873 1040 thoma
895 996 1062 1052 henricj
1088 998 1203 1040 Cum
1228 995 1431 1039 Diuersis
1456 996 1556 1039 aliis
1582 998 1646 1039 &c

1234 1239 1358 1279 LVI.

913 1333 1044 1376 Carta
1074 1332 1268 1387 magistri
1297 1332 1533 1387 Alexandrj
1564 1331 1680 1374 bisset

518 1425 765 1468 MNIBUS
794 1424 910 1466 hanc
939 1429 1108 1465 cartam
1137 1421 1299 1464 visuris
1323 1422 1391 1464 vel
1417 1421 1646 1464 Audituris
1680 1423 1873 1465 Curatus
1901 1428 1944 1464 et
1977 1423 2195 1477 capellanj

573 1495 708 1539 Chori
726 1494 911 1537 ecclesie
928 1492 1217 1548 perrochialis
1233 1493 1358 1547 burgj
1378 1493 1430 1535 de
1448 1492 1699 1535 Abirdenne
1717 1493 1932 1534 Eternam
1955 1491 1999 1533 in
2017 1492 2198 1535 domino

397 1565 588 1607 salutem
621 1563 835 1605 noueritis
863 1577 945 1604 nos
965 1561 1165 1604 vnanimi
1198 1575 1417 1603 consensu
1450 1567 1492 1603 et
1525 1576 1711 1604 assensu
1742 1561 1934 1603 Vtilitate
1967 1568 2119 1604 nostra
2150 1562 2195 1604 in

393 1635 476 1676 hac
500 1640 624 1688 parte
646 1633 848 1686 vndeque
874 1629 1051 1686 preuisa
1079 1635 1122 1672 et
1152 1629 1386 1684 diligenter
1413 1629 1693 1672 considerata
1723 1629 1897 1672 dedisse
1920 1629 2195 1672 concessisse

392 1705 447 1746 ad
469 1702 762 1745 feodifirmam
785 1699 1006 1743 dimisisse
1024 1705 1067 1741 et
1085 1698 1169 1741 hac
1192 1697 1386 1753 presentj
1411 1704 1536 1740 carta
1557 1705 1710 1740 nostra
1732 1698 2020 1741 confirmasse
2042 1705 2194 1741 nostro

390 1773 552 1815 dilecto
586 1770 792 1824 confratrj
831 1769 1045 1824 magistro
1076 1768 1327 1811 Alexandro
1361 1767 1498 1811 bisset
1531 1768 1762 1822 capellano
1795 1774 2008 1823 perpetuo
2040 1768 2195 1811 altaris

391 1841 544 1896 Sanctj
582 1839 824 1895 Sanguinis
850 1839 962 1882 infra
995 1839 1182 1881 eandem
1219 1837 1372 1881 situati
1405 1843 1547 1880 totam
1577 1843 1620 1880 et
1648 1837 1868 1892 integram
1901 1843 2064 1880 terram
2093 1851 2193 1880 nos-

388 1917 504 1953 tram
538 1910 799 1952 Interiorem
830 1923 930 1951 cum
965 1908 1057 1951 suis
1083 1907 1369 1963 pertinenciis
1403 1908 1632 1950 Iacentem
1662 1906 1774 1950 infra
1803 1906 1971 1949 dictum
2004 1908 2192 1962 burgum

388 1981 432 2024 in
466 1980 564 2024 vico
601 1980 824 2036 superiore
860 1979 1046 2022 ecclesie
1082 1993 1135 2021 ex
1168 1978 1333 2022 boreali
1370 1984 1495 2033 parte
1532 1978 1730 2020 eiusdem
1763 1977 1848 2019 vici
1883 1977 1998 2019 inter
2027 1983 2191 2019 terram

387 2050 573 2105 Agnetis
610 2049 843 2104 stirueling
878 2063 930 2091 ex
966 2048 1169 2092 orientali
1206 2063 1259 2091 ex
1294 2062 1381 2091 vna
1421 2054 1464 2091 et
1502 2055 1667 2090 terram
1700 2048 1924 2102 quondam
1955 2046 2188 2100 Wilhelmj

388 2121 568 2163 scherar
588 2134 641 2162 ex
663 2119 927 2162 occidentali
954 2119 1154 2174 partibus
1182 2120 1238 2161 ab
1264 2118 1405 2161 altera
1433 2119 1493 2161 Et
1519 2124 1683 2160 terram
1710 2122 1958 2171 margarete
1987 2115 2190 2158 buchane

385 2204 540 2232 versus
571 2196 773 2232 austrum
806 2190 1118 2232 extendentem
1148 2188 1192 2231 in
1227 2187 1503 2243 longitudine
1531 2189 1586 2230 ad
1615 2187 1914 2241 aqueductum
1947 2183 2190 2226 molendin-

386 2274 511 2303 orum
533 2274 688 2302 versus
715 2260 894 2302 boream
916 2258 1178 2302 Tenendam
1200 2265 1243 2301 et
1266 2258 1517 2301 habendam
1542 2264 1685 2300 totam
1708 2262 1751 2298 et
1780 2256 1999 2310 integram
2021 2253 2188 2296 dictam

386 2335 552 2371 terram
576 2343 678 2372 cum
701 2328 794 2370 suis
823 2327 1110 2383 pertinenciis
1138 2328 1308 2382 prefato
1338 2327 1553 2382 magistro
1581 2326 1832 2369 Alexandro
1861 2338 1939 2379 pro
1961 2329 2055 2366 toto
2077 2329 2188 2365 tem-

386 2411 491 2452 pore
505 2397 593 2439 vite
612 2411 689 2439 sue
709 2398 767 2438 Et
787 2402 1109 2451 consequenter
1126 2395 1326 2438 murielle
1348 2402 1446 2450 prat
1465 2395 1595 2450 matrj
1613 2409 1691 2437 sue
1706 2394 1866 2448 quibus
1880 2392 2188 2435 deficientibus

385 2466 538 2507 thome
567 2465 704 2507 bisset
732 2465 855 2519 fratrj
891 2479 970 2506 suo
1002 2478 1216 2519 germano
1245 2479 1323 2519 pro
1355 2470 1450 2506 toto
1478 2470 1678 2518 tempore
1708 2462 1798 2504 vite
1821 2476 1898 2504 sue
1927 2468 1970 2503 et
1995 2461 2184 2515 Iohannj

386 2533 522 2576 bisset
556 2540 598 2575 et
631 2533 809 2588 georgio
842 2532 978 2575 bisset
1011 2547 1252 2586 eorumque
1285 2532 1458 2574 diucius
1489 2531 1654 2574 viventi
1687 2531 1789 2572 filiis
1821 2530 1925 2584 dictj
1957 2530 2110 2572 thome
2141 2529 2186 2571 in

386 2602 523 2643 libero
557 2601 770 2656 burgagio
802 2601 961 2655 quibus
993 2600 1301 2643 deficientibus
1340 2600 1468 2642 nobis
1503 2601 1671 2642 Iterum
1705 2600 2036 2641 Reuertendam
2071 2600 2185 2642 Cum

388 2670 608 2713 Omnibus
626 2671 686 2711 Et
705 2669 892 2724 singulis
910 2669 1189 2712 libertatibus
1208 2669 1614 2712 Commoditatibus
1631 2675 1674 2710 et
1692 2668 1953 2712 asiamentis
1975 2683 2026 2710 ac
2046 2668 2185 2710 Iustis

386 2739 479 2781 suis
506 2738 792 2793 pertinenciis
814 2738 1149 2792 quibuscunque
1173 2739 1227 2780 ad
1250 2737 1415 2780 dictam
1439 2743 1603 2779 terram
1630 2752 1731 2779 cum
1754 2736 2041 2792 pertinenciis
2063 2752 2184 2792 spec-

385 2808 586 2851 tantibus
623 2822 699 2849 seu
739 2809 862 2850 Iuste
897 2814 1098 2862 spectare
1125 2806 1377 2849 valentibus
1406 2806 1735 2860 quomodolibet
1764 2805 1808 2847 in
1837 2806 2034 2848 futurum
2061 2807 2184 2848 Adeo

387 2879 519 2921 libere
538 2878 733 2933 plenarie
754 2879 930 2931 Integre
953 2877 1193 2919 honorifice
1216 2878 1327 2919 bene
1345 2882 1387 2918 et
1405 2876 1449 2917 in
1467 2891 1577 2930 pace
1595 2876 1639 2917 in
1658 2875 1864 2918 omnibus
1881 2882 1923 2918 et
1941 2890 2019 2930 per
2035 2875 2184 2918 omnia

386 2948 499 2990 sicut
523 2948 670 3003 aliqua
693 2954 809 2990 terra
832 2947 944 2990 infra
966 2947 1134 2990 dietum
1158 2947 1346 3002 burgum
1369 2948 1425 2989 ad
1446 2946 1738 2990 feodifirmam
1761 2947 1893 2990 datur
1915 2945 2185 2992 Conceditur
