2524 3418
559 260 584 303 8
1127 254 1316 298 Venditio
1350 254 1571 296 Terrarum
1602 254 1648 296 dc
1680 254 1798 297 Crois

561 372 780 416 omittatis
813 373 948 416 Teste
984 385 1053 413 me
1087 369 1182 424 ipso
1224 369 1342 423 apud
1384 367 1612 410 striueline
1647 368 2054 424 vicesimoseptimo
2090 370 2160 414 die
2196 372 2362 416 mensis

561 443 753 486 octobris
775 445 903 485 Anno
938 439 1081 494 Regni
1114 437 1251 480 nostri
1286 438 1420 480 Sexto
1445 438 1531 479 DE
1556 437 1637 479 ET
1661 438 1870 481 SUPER
1899 438 2060 493 quibus
2090 441 2297 484 omnibus
2318 448 2361 486 et

561 512 748 566 singulis
786 509 965 566 prefatis
1005 508 1223 551 Ricardus
1255 507 1308 549 de
1341 507 1501 561 kyntor
1531 506 1782 561 prepositus
1814 521 1839 550 a
1872 521 1942 550 me
1979 509 2152 552 notario
2185 510 2362 565 publico

561 582 810 636 subscripto
836 579 918 623 sibi
940 579 1032 621 fieri
1056 577 1181 633 petiit
1209 583 1437 632 presentes
1466 576 1693 631 publicum
1726 577 2073 621 instrumentum
2096 580 2211 623 Acta
2236 587 2361 624 erant

562 652 642 693 hec
666 651 781 705 apud
808 649 951 692 dictas
979 654 1120 690 terras
1143 648 1195 689 de
1220 646 1347 690 Crois
1369 646 1477 688 hora
1507 645 1633 700 quasi
1655 646 1889 690 vndecima
1912 654 2016 691 ante
2039 648 2271 692 meridiam
2292 651 2361 694 vel

561 720 731 762 eocirca
773 721 854 761 sub
891 732 1009 761 anno
1052 730 1203 759 mense
1240 715 1309 758 die
1353 715 1600 758 Indictione
1642 723 1684 759 et
1727 716 1989 772 pontificatu
2032 717 2191 773 quibus
2232 719 2363 763 dictis

562 789 846 844 Presentibus
878 787 1039 831 ibidem
1073 785 1407 829 honorabilibus
1432 785 1537 828 viris
1562 787 1738 829 Andrea
1771 793 1950 830 stewart
1977 788 2171 831 Roberto
2204 803 2361 832 mason

559 860 788 903 Willelmo
832 859 948 900 Dere
989 857 1141 900 thome
1179 856 1392 899 marnoch
1430 863 1472 899 et
1512 857 1706 900 Roberto
1747 857 1934 913 gillespy
1970 857 2143 901 notario
2184 858 2362 914 publico

558 930 747 972 testibus
778 929 834 971 ad
867 927 1083 982 premissa
1114 926 1284 969 vocatis
1316 925 1482 981 pariter
1513 933 1555 969 et
1590 926 1779 982 Rogatis

676 999 734 1041 Et
757 1011 838 1052 ego
866 997 1091 1039 Iohannes
1115 995 1357 1039 Badenach
1380 995 1567 1039 clericus
1588 996 1917 1039 Aberdonensis
1938 995 2127 1040 diocesis
2158 997 2362 1053 publicus

761 1066 986 1122 Imperiali
1024 1066 1290 1110 auctoritate
1324 1065 1524 1109 notarius
1556 1066 1659 1122 quia
1694 1066 1922 1122 premissis
1957 1067 2165 1111 omnibus
2197 1074 2240 1111 et
2274 1067 2362 1110 sin-

758 1136 874 1191 gulis
915 1137 1020 1179 dum
1064 1135 1126 1179 sic
1167 1143 1213 1178 vt
1256 1135 1528 1190 premittitur
1573 1142 1810 1190 agerentur
1850 1142 1893 1178 et
1935 1135 2089 1178 fierent
2130 1149 2217 1179 vna
2257 1149 2359 1179 curn

758 1205 1081 1262 prenominatis
1112 1205 1302 1248 testibus
1333 1219 1516 1260 presens
1547 1204 1723 1248 interfui
1756 1219 1896 1259 eaque
1927 1204 2078 1248 omnia
2109 1211 2153 1247 et
2185 1203 2361 1260 singula

759 1277 821 1320 sic
854 1276 947 1319 fieri
978 1276 1066 1318 vidi
1099 1275 1210 1318 sciui
1242 1282 1285 1317 et
1318 1275 1468 1317 audiui
1501 1289 1552 1318 ac
1586 1274 1630 1316 in
1662 1281 1815 1317 notam
1849 1274 2018 1329 sumpsi
2052 1275 2245 1328 Ideoque
2275 1273 2360 1316 hoc

759 1361 941 1402 presens
972 1345 1199 1401 publicum
1231 1345 1579 1387 instrumentum
1613 1359 1749 1387 manu
1778 1359 1878 1387 mea
1910 1343 2124 1399 scriptum
2157 1342 2361 1398 superius

758 1424 801 1460 et
827 1416 1009 1459 inferius
1037 1423 1080 1458 et
1109 1415 1266 1458 exinde
1295 1415 1463 1458 confeci
1493 1415 1707 1470 signoque
1730 1421 1772 1458 et
1795 1414 1974 1458 nomine
2007 1413 2118 1456 meis
2145 1412 2289 1456 solitis
2316 1418 2360 1456 et

757 1486 983 1530 consuetis
1005 1486 1180 1541 signaui
1205 1487 1408 1540 Rogatus
1430 1491 1473 1528 et
1496 1485 1734 1540 requisitus
1759 1487 1810 1528 In
1833 1485 1964 1528 fidem
1988 1490 2030 1526 et
2052 1481 2359 1526 testimonium

759 1557 958 1600 omnium
981 1563 1023 1600 et
1047 1555 1322 1611 singulorum
1346 1555 1664 1611 premissorum

1402 1741 1509 1782 VII.

1138 1822 1329 1867 Venditio
1351 1827 1554 1865 terrarum
1576 1822 1622 1864 de
1645 1821 1763 1865 Crois

672 1906 1012 1961 [0]MNIBUS
1051 1905 1168 1948 hanc
1201 1911 1373 1947 cartam
1402 1904 1562 1947 visuris
1590 1904 1661 1946 uel
1690 1902 1908 1946 audituris
1945 1902 2170 1945 Iohannes
2204 1901 2358 1944 baner-

557 1992 662 2021 man
693 1979 746 2020 de
771 1976 947 2019 Alesike
977 1975 1168 2018 salutern
1195 1975 1239 2016 in
1266 1974 1446 2017 domino
1478 1973 1796 2029 sempiternam
1830 1973 2057 2016 Noueritis
2085 1986 2157 2014 me
2184 1970 2357 2014 dedisse

555 2047 829 2091 concessisse
876 2061 928 2089 ac
974 2045 1143 2101 precise
1194 2044 1463 2099 omninoque
1508 2044 1760 2087 vendidisse
1808 2058 1859 2087 ac
1907 2043 2038 2086 titulo
2089 2039 2358 2084 venditionis

557 2119 775 2162 alienasse
822 2123 864 2159 et
911 2116 995 2158 hac
1042 2115 1236 2170 presenti
1284 2122 1407 2157 carta
1454 2129 1554 2157 mea
1600 2114 1889 2157 confirmasse
1934 2110 2268 2155 honorabilibus
2313 2114 2356 2151 et

556 2186 752 2243 prouidis
788 2185 893 2228 viris
929 2185 1153 2240 preposito
1191 2184 1367 2228 balliuis
1403 2184 1660 2227 consulibus
1702 2182 1994 2238 burgensibus
2031 2187 2074 2224 et
2111 2177 2355 2224 communi-

556 2256 638 2299 tati
673 2255 797 2310 burgi
831 2256 884 2298 de
918 2255 1136 2297 aberdene
1173 2261 1293 2297 totas
1327 2261 1369 2297 et
1403 2254 1600 2309 integras
1632 2260 1773 2296 terras
1808 2267 1932 2296 meas
1965 2251 2213 2306 antiquitus
2246 2263 2355 2292 nun-

555 2331 743 2379 cupatas
793 2323 833 2366 le
884 2323 1187 2378 smythihalch
1248 2323 1471 2366 modernis
1530 2323 1684 2366 diebus
1735 2328 1919 2365 vocatas
1971 2321 2011 2364 le
2064 2322 2201 2364 Croes
2252 2333 2353 2362 cum

556 2393 840 2448 pertinenciis
872 2392 1069 2436 iacentes
1101 2393 1213 2436 infra
1234 2393 1596 2436 vicecomitatum
1619 2393 1672 2435 de
1695 2392 1912 2435 aberdene
1933 2393 1996 2434 Ac
2025 2397 2169 2434 totum
2204 2391 2281 2432 Ius
2312 2394 2355 2431 et

555 2463 776 2506 clameurn
803 2477 887 2518 que
912 2462 956 2505 in
983 2463 1114 2506 dictis
1141 2463 1270 2505 terris
1304 2478 1406 2506 cum
1435 2462 1721 2518 pertinenciis
1752 2461 1887 2505 habui
1919 2462 2062 2504 habeo
2090 2461 2160 2503 uel
2193 2460 2356 2502 habere

555 2539 708 2587 potero
751 2547 829 2587 pro
866 2546 937 2576 me
973 2539 1015 2575 et
1053 2533 1288 2576 heredibus
1329 2533 1439 2575 meis
1475 2532 1657 2576 omnino
1693 2531 2010 2587 quitclamasse
2046 2545 2124 2586 pro
2161 2530 2354 2585 quadam

556 2609 677 2644 certa
719 2616 896 2644 summa
937 2602 1123 2657 pecunie
1165 2618 1298 2658 quam
1337 2603 1442 2646 dicti
1479 2602 1730 2658 prepositus
1766 2601 1919 2645 balliui
1955 2607 1998 2644 et
2034 2600 2241 2644 consules
2276 2613 2354 2654 pro

558 2672 888 2727 Redempcione
910 2680 952 2715 et
976 2674 1031 2716 ob
1053 2673 1477 2728 impignoraeionem
1510 2672 1728 2715 dictarum
1757 2678 1974 2714 terrarum
2003 2685 2104 2714 cum
2134 2669 2354 2725 pertinen-

556 2742 635 2785 ciis
657 2744 713 2785 ab
737 2743 975 2785 Edmundo
998 2744 1240 2786 banerman
1263 2743 1354 2785 filio
1376 2750 1419 2786 et
1441 2744 1601 2786 herede
1624 2743 1845 2797 quondam
1876 2740 2090 2784 Iohannis
2111 2740 2353 2783 banerman

556 2813 722 2854 dudum
760 2812 1069 2855 satisfecerunt
1108 2814 1293 2856 Necnon
1331 2812 1466 2855 michi
1503 2812 1547 2854 in
1585 2825 1684 2854 mea
1721 2825 1884 2865 magna
1921 2816 1964 2853 et
1995 2807 2168 2864 Vrgenti
2203 2821 2353 2850 neces·

556 2881 687 2925 sitate
731 2883 841 2925 bene
885 2889 926 2925 et
970 2882 1159 2926 fideliter
1202 2883 1508 2940 persoluerunt
1552 2882 1595 2924 in
1639 2888 1844 2938 prompta
1886 2879 2075 2937 pecunia
2118 2883 2352 2922 numerata
