2524 3418
323 798 827 869 Carftulam‘um
893 795 1206 866 Ecclesia
1273 794 1538 864 Sanam·
1595 793 1948 864 Nz'cholaz'

853 925 926 995 A
941 924 1383 995 berdonensz's

1105 1114 1141 1156 Ι.

728 1197 795 1238 De
827 1195 971 1251 legatis
1003 1209 1028 1237 cz
1058 1194 1163 1237 iulio
1196 1194 1437 1250 Capitulum
1473 1207 1525 1248 14

319 1280 492 1324 ORRO
524 1280 728 1322 modesta
752 1292 862 1333 pace
895 1277 1019 1320 Scoti
1052 1278 1295 1320 concordes
1318 1277 1462 1319 effecti
1487 1291 1588 1320 cum
1612 1276 1744 1331 pictis
1767 1292 2037 1332 suorumque

375 1363 613 1404 regnorum
646 1348 864 1391 limitibus
897 1348 1029 1390 ambo
1062 1347 1262 1390 contenti
1301 1348 1443 1389 multo
1477 1347 1680 1402 sequenti
1712 1354 1912 1403 tempore
1943 1363 2038 1403 reg-

218 1422 388 1464 nabant
425 1419 596 1462 nullam
635 1417 862 1461 alterutris
899 1417 1154 1460 molestiam
1193 1432 1271 1459 seu
1309 1417 1519 1472 quicquid
1559 1417 1724 1461 Iniurie
1762 1419 2040 1462 conferentes

217 1492 395 1535 fuerunt
419 1489 637 1544 siquidem
656 1503 707 1531 eo
725 1495 925 1543 tempore
947 1502 1074 1542 reges
1100 1487 1343 1530 monarche
1365 1487 1615 1531 britonibus
1633 1488 1707 1543 qui
1725 1495 1881 1543 gentes
1903 1490 2038 1532 unde-

220 1576 304 1617 que
336 1559 620 1604 circumsitas
652 1558 781 1602 bellis
812 1572 1096 1613 nequaquam
1128 1557 1389 1601 Iniuriando
1411 1559 1633 1601 vexabant
1661 1560 1737 1601 sed
1761 1558 1882 1601 omni
1915 1573 2039 1601 man-

220 1631 471 1677 suetudinis
507 1630 747 1674 clementia
784 1629 959 1673 cunctis
991 1629 1276 1673 concordiam
1310 1629 1545 1684 utrobique
1577 1636 1901 1673 conseruarunt
1937 1630 2038 1673 Tali

220 1717 415 1758 namque
436 1701 562 1758 pacis
593 1700 831 1744 concordia
863 1702 969 1744 dum
994 1706 1154 1743 cuncte
1181 1702 1263 1744 sub
1287 1700 1420 1744 circio
1442 1707 1599 1756 gentes
1630 1700 1880 1756 potirentur
1912 1703 2039 1745 Insu-

220 1774 321 1817 lane
354 1772 498 1816 Gaius
521 1771 664 1815 Iulius
697 1772 836 1815 Cesar
867 1777 1106 1826 postquam
1130 1777 1266 1826 ponte
1287 1771 1406 1814 facto
1432 1773 1609 1814 Renum
1642 1771 1866 1815 transiens
1894 1779 2038 1815 totam

219 1842 509 1899 perteruisset
540 1841 818 1897 germaniam
851 1855 1119 1896 omnemque
1140 1841 1229 1883 fere
1258 1841 1441 1896 galliam
1473 1856 1556 1897 que
1579 1841 1695 1884 inter
1715 1843 1850 1898 Alpes
1872 1843 2038 1886 flumen

223 1914 462 1957 Rodanum
493 1913 671 1954 Renum
694 1918 737 1954 et
760 1910 995 1954 occianum
1019 1917 1085 1953 est
1108 1911 1328 1966 gallorum
1351 1918 1531 1966 gentem
1553 1911 1877 1955 ferocissimam
1910 1913 2040 1956 annis

220 1984 264 2027 ix
299 1982 548 2027 domuisset
585 1997 689 2025 mox
725 1981 912 2026 britanis
949 1982 1114 2025 bellurn
1158 1981 1310 2024 intulit
1348 1981 1509 2036 quibus
1556 1989 1706 2025 autem
1750 1982 1865 2025 sicut
1908 1983 2039 2025 refert

222 2053 594 2099 EUTROPIUS
631 2067 712 2096 nec
749 2066 912 2095 nomen
946 2052 1125 2107 quidem
1160 2054 1469 2095 Romanorum
1503 2052 1732 2107 cognitum
1765 2059 1832 2095 est
1866 2053 2038 2094 BEDA

220 2138 374 2167 verum
419 2122 612 2167 britania
655 2122 875 2165 Romanis
916 2137 1057 2177 usque
1099 2123 1308 2178 Gayaum
1352 2122 1518 2165 Iulium
1564 2137 1763 2165 cesarem
1808 2122 2039 2165 inaccessa

222 2200 356 2248 atque
397 2192 626 2248 incognita
655 2192 738 2234 fuit
772 2192 845 2246 qui
883 2206 985 2235 cum
1024 2192 1141 2235 lucio
1178 2192 1313 2235 bibilo
1350 2193 1507 2235 consul
1539 2193 1686 2235 factus
1722 2207 2037 2248 germanorum

220 2263 429 2319 gentibus
464 2268 508 2305 et
545 2261 765 2317 gallorum
796 2262 866 2304 vel
903 2261 1047 2304 teritis
1078 2262 1146 2304 vel
1185 2262 1408 2316 superatis
1440 2262 1665 2306 britonum
1702 2277 1851 2318 regem
1890 2263 2038 2306 Cassi-

221 2333 421 2377 bilanum
463 2334 519 2375 ad
561 2332 832 2376 deditionem
881 2332 1026 2387 coegit
1075 2333 1447 2376 GALFRIDUS
1495 2332 1806 2376 Cassibilanus
1845 2332 2037 2387 vectigal

222 2404 412 2459 singulis
448 2402 580 2446 annis
608 2403 820 2447 librarum
855 2403 1027 2458 argenti
1059 2403 1145 2446 tria
1177 2403 1301 2446 milia
1335 2403 1450 2446 Iulio
1482 2404 1622 2446 cesari
1658 2403 1897 2459 spopondit
1932 2405 2037 2446 Ideo

221 2472 341 2517 vrbis
372 2473 550 2517 condite
578 2474 709 2515 Anno
740 2471 844 2528 703⁰
876 2479 919 2516 et
953 2480 1057 2516 ante
1089 2473 1361 2516 dominicam
1396 2473 1760 2516 Incarnationem
1793 2472 1867 2529 49Ο
1900 2475 2039 2517 Cesar

221 2542 352 2586 victis
381 2542 629 2587 britonibus
661 2542 984 2597 aquilonalium
1018 2542 1213 2598 partium
1245 2558 1373 2599 reges
1407 2543 1629 2586 consimili
1651 2543 1806 2586 volens
1838 2543 2038 2587 subicere

223 2613 327 2669 iugo
363 2613 593 2668 premissis
630 2613 774 2669 primo
811 2614 972 2669 legatis
1010 2614 1083 2669 qui
1127 2629 1238 2669 quas
1280 2616 1460 2670 petebat
1498 2616 1553 2658 ab
1590 2614 1671 2657 eiis
1707 2615 1875 2657 seruari
1916 2614 2038 2669 leges

221 2690 492 2739 exponerent
524 2684 783 2740 pertransijt
817 2684 1069 2727 Britaniam
1099 2692 1142 2727 et
1176 2687 1231 2728 ad
1264 2700 1386 2728 mare
1419 2685 1638 2728 scoticum
1670 2700 1756 2739 quo
1787 2691 1895 2727 tunc
1926 2691 2037 2727 tem-

221 2752 342 2808 poris
393 2752 590 2796 britones
631 2768 657 2797 a
698 2754 836 2796 scotis
881 2753 1093 2797 disiuncti
1135 2754 1311 2797 fuerant
1361 2769 1499 2809 vsque
1550 2754 1815 2809 perueniens
1856 2753 1900 2795 in
1941 2753 2038 2808 ripa

222 2822 421 2865 fluminis
452 2822 651 2866 eiusdem
675 2838 840 2878 magno
864 2824 1060 2866 vallatus
1092 2824 1288 2866 exercitu
1311 2839 1389 2878 per
1409 2830 1589 2879 tempus
1611 2823 1779 2878 aliquot
1803 2824 2038 2866 assedebat

226 2893 343 2949 Ipsis
379 2893 548 2937 interea
585 2901 810 2937 scotorum
848 2894 1027 2949 regibus
1061 2900 1104 2938 et
1138 2894 1360 2948 pictorum
1395 2909 1473 2951 per
1509 2894 1697 2938 nuncios
1737 2893 1918 2938 bifarias
1953 2894 2037 2937 cle-

1128 2965 1156 2996 A

2067 1208 2125 1241 sol.
2145 1207 2184 1242 11
