2524 3418
645 329 862 373 Fundacio
892 326 1085 383 magistri
1114 325 1314 368 Iohannis
1346 322 1624 378 Baidenaugh
1958 333 2038 374 243

236 450 482 493 amicorum
506 460 705 489 meorum
724 444 1077 500 predicessorum
1102 448 1144 483 et
1168 454 1477 483 successorum
1500 445 1543 480 et
1567 437 1816 480 animarum
1840 436 2039 478 omnium

234 519 432 562 fidelium
456 518 526 560 dei
548 517 857 559 defunctorum
881 512 1055 555 dedisse
1077 518 1119 553 et
1139 510 1414 553 concessisse
1437 523 1488 551 ac
1510 507 1706 563 presenti
1729 515 1852 548 carta
1875 521 1974 548 mea
1996 505 2040 546 in

235 603 392 643 puram
416 595 459 630 et
482 592 743 642 perpetuam
771 582 1052 625 elimosinam
1086 581 1374 623 confirmasse
1406 577 1581 621 dilectis
1612 576 1908 620 confratribus
1931 575 2042 617 meis

236 664 390 700 curato
422 663 465 699 et
499 654 743 710 capellanis
775 652 898 695 chori
931 651 1118 694 ecclesie
1150 648 1422 705 parochialis
1454 647 1573 691 beati
1605 646 1815 700 nicholaij
1839 645 1966 700 burgi
1989 647 2041 687 de

235 728 467 770 Aberdene
503 739 640 767 vnum
679 737 878 766 annuum
915 721 1137 763 redditum
1174 717 1332 773 viginti
1369 723 1560 772 quatuor
1596 715 1836 757 solidorum
1874 713 2043 755 vsualis

236 804 413 838 monete
440 795 584 837 scocie
617 792 752 835 michi
784 791 982 833 debitum
1016 791 1069 831 de
1101 795 1218 830 terra
1246 787 1462 829 Iohannis
1494 786 1739 828 matelland
1770 784 1913 826 incole
1936 782 2043 825 dicti

235 866 362 921 burgi
393 868 574 907 Iacente
605 863 650 905 in
681 862 779 904 vico
811 859 1003 902 inferiori
1037 858 1143 901 dicti
1176 858 1303 912 burgi
1336 872 1422 911 quo
1454 856 1542 898 itur
1573 857 1628 898 ad
1661 854 1897 897 ecclesiam
1924 851 2043 895 beati

234 935 444 989 nicholaij
469 935 585 976 inter
604 940 769 974 terram
796 931 1020 985 quondam
1054 929 1228 970 Andree
1262 926 1492 968 murisoun
1525 940 1578 967 ex
1610 923 1814 966 orientali
1847 929 1973 977 parte
1999 928 2042 963 et

235 1011 400 1046 terram
434 1017 580 1044 meam
614 1000 839 1056 propriam
872 999 1122 1054 proximam
1155 1004 1197 1039 et
1231 997 1487 1051 contiguam
1526 996 1643 1037 dicte
1679 1002 1794 1036 terre
1830 992 2045 1035 Iohannis

235 1074 481 1116 matelland
518 1072 862 1114 descendentem
900 1070 956 1111 ad
992 1074 1237 1110 torrentem
1276 1072 1656 1109 transcurrentem
1694 1079 1747 1106 ex
1777 1063 2043 1106 occidentali

235 1151 361 1199 parte
385 1150 427 1185 et
450 1156 734 1185 communem
757 1140 875 1182 viam
898 1139 1067 1193 regiam
1091 1153 1178 1192 qua
1201 1136 1486 1179 descenditur
1518 1137 1573 1178 ad
1606 1135 1775 1177 dictum
1801 1140 2044 1175 torrentem

235 1227 390 1254 versus
422 1218 594 1265 partem
627 1209 851 1251 borealem
885 1215 928 1249 et
960 1214 1124 1249 terram
1160 1206 1344 1248 Roberti
1378 1206 1594 1259 kennerty
1614 1218 1770 1245 versus
1802 1203 2045 1245 australem

236 1288 409 1336 partem
448 1279 646 1321 eiusdem
683 1284 800 1319 terre
834 1277 1206 1318 TENENDUM
1250 1281 1293 1317 et
1335 1275 1590 1317 habendum
1634 1273 1803 1315 dictum
1846 1286 2044 1314 annuum

236 1350 457 1393 redditum
480 1348 637 1404 viginti
671 1354 863 1402 quatuor
894 1346 1137 1388 solidorum
1171 1360 1195 1387 a
1228 1360 1299 1387 me
1331 1345 1568 1387 heredibus
1594 1343 1705 1385 meis
1735 1350 1778 1385 et
1805 1342 2047 1397 assignatis

235 1420 280 1462 in
312 1434 469 1474 puram
503 1425 545 1460 et
583 1424 844 1472 perpetuam
884 1415 1166 1458 elimosinam
1204 1414 1337 1457 dictis
1374 1421 1529 1457 curato
1566 1420 1609 1455 et
1647 1412 1891 1467 capellanis
1925 1411 2046 1453 chori

235 1489 352 1531 dicte
375 1487 560 1530 ecclesie
587 1486 858 1541 parochialis
890 1487 942 1527 de
975 1487 1205 1527 Aberdene
1238 1491 1281 1526 et
1315 1484 1407 1526 suis
1440 1482 1773 1526 successoribus
1796 1481 1902 1524 dicti
1925 1480 2047 1523 chori

235 1558 481 1614 capellanis
517 1558 846 1612 imperpetuum
880 1557 1121 1599 leuandum
1155 1562 1197 1598 et
1230 1555 1563 1610 percipiendum
1602 1553 1835 1596 annuatim
1869 1554 1922 1595 de
1954 1567 2048 1607 pre-

235 1628 356 1671 dicta
376 1635 494 1671 terra
517 1642 618 1670 cum
642 1627 734 1670 suis
757 1627 1044 1682 pertinenciis
1077 1628 1132 1669 ad
1165 1628 1276 1669 duos
1299 1626 1402 1681 annj
1428 1625 1644 1668 terminos
1665 1624 1843 1666 vsuales
1866 1623 2048 1678 penthe-

237 1704 384 1740 costes
404 1696 610 1739 videlicet
634 1704 676 1739 et
700 1696 844 1738 sancti
878 1696 1058 1751 martinj
1094 1696 1137 1738 in
1169 1711 1297 1751 yeme
1330 1710 1408 1750 per
1440 1695 1622 1749 equales
1653 1694 1885 1749 porciones
1919 1695 1978 1735 Et
2013 1693 2049 1734 si

235 1782 420 1810 necesse
440 1767 571 1810 fuerit
594 1782 672 1822 pro
695 1767 813 1809 dicto
841 1782 989 1809 annuo
1021 1767 1196 1809 redditu
1229 1766 1396 1809 dictam
1429 1772 1593 1808 terram
1626 1779 1728 1807 cum
1762 1763 2050 1819 pertinenciis

236 1838 449 1881 namandi
472 1845 515 1880 et
539 1837 832 1892 distringendi
855 1837 1027 1880 tociens
1050 1838 1262 1892 quociens
1285 1852 1397 1892 opus
1431 1836 1562 1879 fuerit
1585 1842 1628 1878 et
1652 1834 1783 1877 dictis
1805 1833 2050 1889 capellanis

235 1907 457 1950 videbitur
478 1907 716 1962 expediens
739 1908 849 1949 adeo
873 1907 1008 1949 libere
1031 1907 1178 1961 quiete
1205 1906 1377 1961 integre
1408 1905 1651 1948 honorifice
1674 1906 1785 1947 bene
1807 1910 1850 1946 et
1874 1903 1918 1944 in
1940 1916 2050 1958 pace

237 1980 523 2034 gaudendum
547 1985 590 2020 et
613 1979 943 2033 possedendum
968 1978 1082 2020 sicut
1106 1977 1267 2032 aliquis
1290 1992 1466 2019 annuus
1484 1976 1683 2018 redditus
1706 1975 1818 2016 infra
1842 1975 2049 2027 Regnum

239 2049 382 2091 scocie
416 2048 460 2090 in
494 2056 756 2103 perpetuam
790 2055 832 2090 et
867 2063 1025 2103 puram
1059 2048 1341 2090 elimosinam
1369 2048 1500 2089 datur
1532 2045 1791 2088 conceditur
1813 2050 1888 2086 aut
1912 2042 2050 2098 possi-

237 2120 366 2160 detur
398 2118 491 2160 sine
524 2119 673 2172 aliqua
704 2119 996 2160 reuocacione
1029 2119 1356 2160 reclamacione
1389 2116 1742 2160 contradictione
1769 2121 1845 2157 aut
1868 2113 2051 2168 impedi-

238 2195 391 2229 mento
415 2187 574 2242 quouis
597 2188 771 2242 quesito
798 2188 943 2229 colore
977 2188 1092 2230 clam
1115 2188 1184 2229 vel
1208 2188 1358 2242 palam
1382 2187 1426 2228 in
1452 2185 1623 2228 Iudicio
1646 2185 1716 2227 uel
1740 2190 1863 2226 extra
1886 2182 2051 2224 directe

238 2258 308 2299 uel
341 2257 555 2299 indirecte
587 2272 665 2312 per
697 2272 767 2299 me
801 2258 985 2299 heredes
1018 2273 1142 2300 meos
1174 2264 1250 2300 aut
1278 2257 1534 2312 assignatos
1567 2255 1733 2297 aliosve
1762 2265 2050 2308 quoscunque

238 2327 306 2368 vel
330 2341 640 2381 quemcunque
659 2327 838 2370 nomine
861 2334 1014 2369 nostro
1036 2328 1105 2369 vel
1129 2342 1181 2369 ex
1203 2333 1328 2381 parte
1346 2333 1499 2368 nostra
1521 2325 1566 2367 in
1589 2323 1863 2366 eontrarium
1883 2321 2050 2376 aliqua-

239 2396 339 2438 liter
368 2397 583 2438 faciendis
614 2398 673 2439 Et
706 2412 785 2451 pro
818 2412 905 2451 quo
935 2397 1112 2451 quidem
1143 2411 1292 2439 annuo
1324 2396 1499 2438 redditu
1521 2394 1679 2449 viginti
1706 2400 1897 2448 quatuor
1920 2391 2050 2433 solid-

239 2481 365 2508 orum
391 2466 512 2508 Dicti
536 2473 717 2509 curatus
749 2473 792 2508 et
826 2467 1044 2521 capellanj
1080 2482 1131 2509 ac
1165 2466 1231 2521 suj
1267 2480 1549 2508 successores
1579 2465 1907 2518 imperpetuum
1931 2467 2051 2502 tene—

241 2538 401 2578 bunter
433 2536 547 2578 sicut
580 2551 729 2578 coram
765 2552 972 2591 supremo
1007 2537 1158 2578 Iudice
1191 2536 1353 2578 fuerint
1386 2534 1642 2589 responsuri
1669 2532 1790 2575 omni
1817 2530 2052 2573 ebdomida

241 2605 464 2647 celebrare
487 2620 620 2659 quam
643 2606 718 2648 diu
735 2607 883 2648 vixero
897 2622 1031 2649 vnam
1056 2607 1240 2648 missam
1265 2607 1317 2648 de
1340 2603 1773 2648 commemoracione
1794 2600 2053 2644 beatissime

240 2675 426 2730 virginis
467 2676 605 2718 marie
647 2678 702 2718 ad
745 2677 885 2719 altare
928 2678 1072 2720 sancti
1112 2677 1328 2719 Iohannis
1365 2676 1560 2731 baptiste
1598 2675 1813 2716 situatum
1850 2671 1896 2713 in
1933 2671 2053 2712 dicta

241 2744 486 2799 parochiali
529 2745 718 2788 ecclesia
759 2747 878 2789 beati
922 2748 1144 2802 Nicholaij
1182 2762 1284 2789 cum
1328 2747 1516 2788 collecta
1559 2760 1636 2800 pro
1678 2741 1973 2798 prosperitate
2010 2746 2052 2781 et

243 2815 387 2856 salute
420 2829 519 2857 mea
553 2830 686 2869 quam
720 2816 794 2858 diu
823 2817 972 2859 vixero
1004 2832 1187 2872 prosper
1218 2824 1261 2859 et
1293 2816 1531 2858 incolumis
1553 2816 1598 2856 in
1620 2813 1830 2856 humanis
1865 2813 1923 2853 Et
1953 2816 2052 2865 post

244 2891 434 2925 mortem
478 2899 624 2926 meam
662 2892 704 2926 et
747 2887 802 2928 ab
844 2887 928 2928 hoc
963 2887 1113 2941 seculo
1156 2885 1475 2941 migracionem
1518 2885 1789 2926 tenebuntur
1830 2880 2053 2922 celebrare

242 2953 476 2996 annuatim
519 2962 562 2995 et
605 2954 935 3009 imperpetuum
988 2971 1066 3012 pro
1113 2957 1258 2998 salute
1299 2955 1447 2998 anime
1490 2968 1587 2996 mee
1630 2951 1769 3007 patris
1811 2957 1853 2992 et
1896 2948 2053 2990 matris
