2524 3418
208 823 264 854 sol.
283 825 322 855 25
333 822 345 841 ²

206 1212 226 1241 4
244 1200 437 1233 nouembris

207 1255 298 1277 anno
317 1254 395 1285 1521

209 1288 413 1320 Productum
432 1288 471 1318 In

206 1331 344 1364 modum
356 1330 470 1372 proba-

207 1374 315 1407 cionis
331 1385 388 1416 per

208 1418 407 1459 magistrum

209 1462 361 1493 thomam

209 1505 324 1536 shuter

210 1548 373 1580 Curatum

209 1591 424 1623 Aberdonen-

210 1644 282 1666 sem
301 1640 419 1666 contra

212 1677 375 1710 Ioannem

210 1721 331 1753 vschar

504 277 558 317 60
855 278 1026 317 chtalc
1058 277 1288 318 reddituum
1320 276 1465 317 altaris
1497 276 1605 317 beate
1635 276 1765 317 marie
1797 276 1973 331 virginis

507 390 690 432 australi
717 392 838 432 Inter
860 392 970 432 duos
993 397 1211 432 torrentes
1229 391 1550 431 descendentes
1571 390 1626 431 ad
1649 390 1830 431 domum
1854 395 2007 431 sancte
2029 389 2242 432 trinitatis
2259 397 2302 432 et

506 459 688 502 inferius
714 460 1014 502 molendinum
1039 474 1155 501 nunc
1177 459 1372 500 existens
1394 458 1437 499 in
1462 458 1666 501 manibus
1689 458 1860 512 patricij
1957 472 2118 500 nouem
2141 459 2306 502 solidos

1295 700 1518 741 XXXIII.

503 808 675 850 chtalo
699 807 932 849 reddituum
956 806 1101 848 altaris
1128 806 1236 848 beate
1262 806 1393 848 marie
1420 805 1597 861 virginis
1618 805 1664 847 iu
1684 805 1803 847 choro
1828 805 2003 848 australi
2026 804 2182 847 ecclesie
2204 804 2310 847 beati

617 876 770 919 nicolai
791 875 913 931 burgi
933 876 980 917 de
1005 875 1198 917 abardcne
1216 875 1379 930 sactum
1402 879 1571 930 tempore
1591 874 1840 930 prepositure
1860 873 2060 916 Iohannis
2082 887 2180 916 vaus
2201 887 2310 916 anno

617 947 777 989 domini
807 946 1024 989 millesimo
1053 945 1452 1001 quadringentesimo
1483 944 1630 1000 xliiijw

979 1085 1034 1126 Iu
1061 1083 1212 1140 primis
1241 1083 1286 1126 iu
1317 1084 1404 1127 vico
1433 1083 1633 1140 superiorj
1662 1083 1818 1126 ecclesie

628 1178 667 1219 E
689 1184 808 1220 terra
833 1177 995 1232 robertj
1019 1177 1210 1220 valanch
1243 1192 1296 1219 ex
1327 1184 1453 1232 parte
1479 1177 1634 1220 boriali
1662 1176 1746 1231 viej
1777 1175 1974 1218 eiusdem
2004 1175 2120 1218 inter
2145 1181 2311 1218 terram

683 1247 858 1290 Thome
890 1248 1004 1290 Club
1036 1262 1089 1289 ex
1120 1253 1246 1301 parte
1280 1246 1545 1289 occidentali
1582 1261 1635 1289 ex
1676 1252 1802 1301 parte
1832 1260 1920 1288 vna
1951 1252 1994 1288 et
2027 1258 2311 1288 communem

504 1317 722 1359 venellam
745 1331 833 1371 qua
861 1316 950 1359 itur
980 1317 1036 1359 ad
1068 1316 1215 1359 lacum
1245 1315 1443 1359 eiusdem
1476 1316 1601 1371 burgi
1635 1330 1687 1358 ex
1718 1321 1844 1370 parte
1873 1314 2077 1358 orientali
2106 1328 2159 1357 ex
2186 1319 2314 1369 parte

504 1387 645 1429 altera
1132 1392 1169 1405 “
2094 1383 2123 1439 ij
2148 1383 2314 1426 solidos

622 1456 737 1497 Item
770 1455 823 1496 de
853 1460 972 1496 terra
1003 1469 1137 1509 quarn
1170 1468 1288 1497 nunc
1324 1460 1447 1496 tenet
1479 1455 1669 1496 andreas
1700 1454 1942 1496 thomsoun
1975 1459 2100 1496 sutor
2132 1454 2314 1496 Iacente

506 1539 559 1567 ex
599 1524 718 1567 dicta
759 1523 913 1567 boriali
955 1530 1081 1578 parte
1122 1524 1320 1567 eiusdem
1361 1523 1445 1578 vicj
1490 1523 1605 1565 inter
1645 1530 1810 1566 terram
1847 1522 2062 1566 Iohannis
2096 1522 2227 1565 traile
2262 1536 2316 1564 ex

507 1600 633 1648 parte
673 1593 878 1636 orientali
920 1600 963 1635 et
1004 1599 1170 1636 terram
1213 1595 1438 1648 quondam
1479 1593 1666 1648 Angusij
1710 1593 1813 1637 blak
1854 1607 1906 1635 ex
1946 1599 2073 1648 parte
2113 1591 2316 1635 occiden-

507 1663 587 1705 tali
2102 1677 2130 1704 v
2151 1661 2317 1704 solidos

625 1733 740 1774 Item
774 1733 828 1773 de
863 1738 980 1774 terra
1012 1731 1212 1774 vilhelmi
1249 1732 1384 1774 fichet
1421 1731 1498 1787 filij
1534 1732 1726 1787 richardj
1763 1746 1817 1774 ex
1849 1732 1968 1775 dicta
2001 1731 2157 1775 boriali
2190 1737 2317 1786 parte

507 1802 622 1844 inter
656 1808 821 1844 terram
861 1801 1076 1844 Iohannis
1114 1808 1294 1845 stewart
1333 1817 1387 1844 ex
1422 1808 1549 1857 parte
1585 1802 1788 1857 orientalj
1828 1808 1871 1845 et
1903 1809 2069 1845 terram
2103 1801 2316 1844 heredum

506 1872 731 1926 quondam
754 1870 946 1926 nicholaj
972 1872 1166 1926 lorymar
1187 1886 1239 1913 ex
1261 1878 1387 1926 parte
1410 1871 1676 1914 occidentali
2215 1870 2273 1925 xij
2290 1870 2317 1912 d

623 1942 738 1982 Item
761 1941 814 1982 de
836 1947 953 1983 terra
979 1941 1187 1995 nicholaij
1219 1942 1273 1983 de
1296 1942 1484 1984 carnbee
1511 1956 1644 1996 quam
1675 1941 1896 1983 inhabitat
1920 1942 2103 1984 Iacente
2125 1955 2178 1982 ex
2198 1939 2318 1982 dicta

508 2009 663 2053 boriali
706 2016 831 2065 parte
866 2010 951 2052 vici
988 2010 1175 2064 predicti
1212 2010 1328 2052 inter
1363 2017 1527 2053 terram
1568 2010 1785 2053 Iohannis
1825 2024 2066 2065 rogersoun
2103 2023 2156 2051 ex
2191 2014 2318 2063 parte

508 2079 712 2122 orientali
735 2085 778 2122 et
807 2086 971 2122 terram
1000 2079 1153 2121 thome
1183 2080 1367 2121 murreff
1391 2095 1443 2122 ex
1471 2086 1597 2134 parte
1624 2079 1890 2122 occidentali
2082 2078 2124 2133 vj
2145 2092 2165 2120 s
2195 2075 2269 2132 viij
2290 2077 2318 2120 d

929 2173 1130 2214 Redditus
1152 2172 1328 2215 eiusdem
1350 2173 1496 2214 altaris
1518 2172 1564 2214 iu
1585 2172 1672 2214 vico
1683 2172 1906 2228 furcarum

628 2267 681 2309 In
718 2265 872 2321 primis
913 2267 966 2308 de
1007 2273 1125 2309 terra
1165 2266 1365 2309 vilhelmi
1407 2266 1541 2308 fichet
1578 2266 1654 2321 filij
1694 2266 1918 2320 quondam
1955 2262 2148 2306 nicholai
2185 2262 2320 2306 fichet

514 2337 697 2379 Iacente
714 2350 766 2378 ex
788 2335 1052 2378 occidentali
1075 2342 1202 2391 parte
1218 2335 1304 2378 vici
1327 2335 1513 2391 predicti
1530 2334 1646 2377 inter
1662 2341 1827 2378 terram
1850 2334 1933 2376 ade
1950 2334 2003 2376 de
2019 2332 2098 2374 hill
2121 2347 2174 2374 ex
2194 2338 2320 2387 parte

513 2406 667 2449 boriali
690 2412 732 2448 et
754 2412 918 2449 terram
940 2406 1093 2448 thome
1115 2407 1188 2462 lyp
1211 2421 1263 2449 ex
1284 2413 1410 2461 parte
1432 2405 1615 2460 australj
1988 2401 2015 2457 ij
2036 2401 2202 2445 solidos
2231 2401 2273 2457 vj
2293 2402 2322 2445 d

630 2477 745 2519 Item
778 2477 831 2519 de
862 2490 949 2519 vno
971 2476 1110 2519 crosto
1134 2478 1316 2519 Iacente
1339 2477 1394 2519 ad
1416 2476 1551 2518 finem
1573 2474 1785 2518 borialem
1808 2472 1914 2516 dicti
1935 2472 2020 2515 vici
2043 2487 2096 2515 ex
2116 2470 2322 2515 orientali

514 2551 640 2600 parte
672 2545 871 2588 eiusdem
904 2545 1020 2588 inter
1055 2546 1244 2589 croftum
1279 2545 1495 2589 Iohannis
1530 2545 1817 2588 bertlousoun
1852 2558 1904 2586 ex
1934 2548 2059 2598 parte
2091 2541 2246 2586 boriali
2277 2547 2321 2584 et

516 2615 705 2658 croftum
730 2616 945 2659 Iohannis
967 2617 1020 2658 de
1042 2616 1210 2671 scrogis
1232 2616 1372 2671 patris
1390 2631 1442 2658 ex
1459 2621 1583 2671 parte
1605 2614 1788 2669 australj
1928 2613 1956 2668 ij
1982 2611 2147 2656 solidos
2168 2617 2212 2655 et
2232 2611 2274 2667 vj
2294 2612 2322 2654 d

634 2686 749 2727 Item
783 2686 837 2728 de
873 2692 990 2728 terra
1028 2685 1272 2728 allexandri
1313 2700 1421 2741 gray
1453 2699 1586 2740 quam
1628 2683 1849 2726 inhabitat
1885 2683 2068 2725 Iacente
2099 2696 2152 2724 ex
2182 2680 2322 2724 orien-

517 2754 597 2797 tali
626 2761 751 2810 parte
784 2754 869 2797 vici
906 2755 1092 2810 predicti
1129 2755 1245 2797 inter
1272 2762 1436 2798 terram
1471 2755 1634 2797 andree
1666 2752 1860 2809 benying
1895 2767 1947 2794 ex
1980 2757 2105 2807 parte
2138 2748 2323 2794 australi

518 2831 561 2866 et
584 2831 750 2866 terram
773 2824 879 2867 dicti
902 2825 1146 2867 allexandri
1170 2840 1222 2867 ex
1244 2832 1369 2879 parte
1392 2825 1545 2867 boriali
1854 2822 1894 2877 vj
1921 2822 2086 2864 solidos
2108 2827 2151 2863 et
2173 2826 2273 2862 octo
2295 2820 2322 2862 d

635 2896 750 2937 Item
768 2896 821 2937 de
839 2902 957 2938 terra
973 2896 1125 2938 thome
1143 2895 1371 2950 blyndsele
1391 2896 1572 2937 Iacente
1594 2893 1638 2936 in
1656 2894 1699 2948 ly
1716 2893 1945 2936 buthrawe
1961 2891 2046 2934 vici
2068 2889 2255 2946 predicti
2271 2903 2331 2933 ex.
