2524 3418
925 344 1053 388 Carta
1084 345 1236 400 vmtlzej
1266 345 1419 387 Feclzat
2017 349 2070 401 89

265 461 506 504 solidorum
544 462 596 504 de
628 460 727 504 aliis
764 461 935 503 duobus
969 459 1106 503 orreis
1142 460 1254 503 meis
1292 460 1549 504 Iacentibus
1586 462 1641 503 ad
1678 461 1812 503 finem
1847 461 1952 515 dictj
1988 461 2073 503 vici

264 532 488 574 furcarum
530 531 645 573 inter
679 537 843 573 terram
880 529 1099 573 Willelmi
1139 531 1322 586 Robertj
1360 545 1516 574 versus
1562 537 1763 573 austrum
1808 532 1867 572 Et
1909 537 2072 573 terram

266 600 485 644 Willelmi
511 606 640 643 vocat
672 614 827 642 versus
858 600 1038 643 boream
1078 601 1192 642 Item
1229 614 1366 643 vnum
1399 615 1598 643 annuum
1638 599 1880 643 Redditum
1919 601 2072 643 decem

264 670 507 713 solidorum
545 671 598 713 de
635 669 734 713 aliis
770 670 942 713 duobus
978 669 1114 712 orreis
1151 669 1262 712 meis
1299 669 1343 712 in
1380 670 1499 713 dicto
1535 669 1633 712 vico
1672 670 1929 713 Iacentibus
1960 669 2075 712 inter

265 746 429 782 terram
471 740 624 782 thome
665 741 718 782 de
757 753 934 782 camera
974 754 1128 782 versus
1170 740 1349 783 boream
1395 741 1455 782 Et
1496 746 1660 783 terram
1693 739 1912 783 Willelmi
1944 746 2074 782 vocat

263 825 418 853 versus
450 817 652 853 austrum
687 811 802 852 Item
834 824 970 851 vnum
1004 823 1202 852 annuum
1237 809 1480 853 Redditum
1512 809 1727 853 tredecim
1761 810 2002 853 solidorum
2032 815 2074 852 et

266 886 456 935 quatuor
476 879 757 923 denariorum
781 880 833 921 de
855 885 972 922 terra
995 894 1095 922 mea
1116 885 1276 922 vocata
1305 880 1345 922 le
1374 880 1568 924 lochfold
1591 895 1693 923 cum
1722 881 1763 923 le
1792 880 1868 922 kill
1894 881 2075 923 Iacente

265 950 309 992 in
344 950 462 992 dicto
493 950 591 992 vico
622 950 846 992 furcarum
875 949 991 992 inter
1018 955 1182 993 terram
1211 950 1364 993 thome
1393 952 1447 994 de
1476 966 1653 995 camera
1685 966 1841 994 versus
1874 958 2076 994 austrum

265 1026 308 1063 et
351 1034 617 1063 commoune
663 1020 831 1075 lonyng
874 1034 1029 1062 versus
1073 1021 1252 1063 boream
1295 1020 1535 1064 Tenendos
1578 1028 1621 1064 et
1663 1021 1893 1065 habendos
1934 1021 2078 1065 dictos

264 1105 437 1134 annuos
483 1090 703 1133 Redditus
745 1105 846 1133 cum
889 1089 982 1133 suis
1023 1089 1312 1145 pertinenciis
1354 1097 1397 1134 et
1440 1091 1697 1147 preuilegiis
1738 1092 2076 1147 quibuscunque

264 1161 436 1216 prefato
489 1160 680 1203 Iohanni
732 1160 960 1203 colisoune
1009 1175 1087 1202 seu
1130 1160 1379 1215 cuicunque
1422 1161 1655 1216 capellano
1695 1163 1869 1217 ydoneo
1910 1177 1989 1218 pro
2030 1176 2077 1205 se

264 1229 476 1274 seruienti
509 1230 564 1273 ad
597 1230 737 1273 altare
770 1230 915 1273 sancti
948 1229 1183 1273 michaelis
1214 1230 1328 1273 infra
1360 1230 1598 1274 ecclesiam
1631 1232 1934 1287 parochialem
1967 1231 2073 1287 dictj

263 1301 388 1356 burgj
423 1302 476 1343 de
507 1300 728 1343 Abirdene
760 1315 838 1355 pro
870 1299 1033 1343 Anima
1065 1315 1165 1343 mea
1198 1307 1240 1343 et
1274 1301 1511 1344 animabus
1543 1301 1744 1345 omnium
1777 1302 2076 1358 predictorum

261 1371 457 1426 quotidie
497 1386 598 1414 cum
641 1371 886 1426 dispositus
927 1371 1058 1414 fuerit
1102 1373 1201 1427 Quo
1243 1371 1477 1415 deficiente
1519 1372 1622 1415 altri
1666 1372 1758 1415 filio
1799 1372 1905 1428 dictj
1944 1372 2077 1416 dauid

261 1441 489 1484 colisoune
534 1447 765 1496 procreato
807 1455 885 1484 seu
927 1443 1200 1496 procreando
1242 1441 1358 1484 inter
1398 1442 1545 1498 ipsum
1588 1448 1631 1485 et
1672 1444 1892 1499 Agnetem
1928 1443 2077 1487 fechat

264 1512 402 1555 filiam
445 1526 592 1554 meam
645 1517 688 1554 et
740 1526 952 1566 sponsam
1004 1526 1131 1554 suam
1184 1513 1261 1555 sed
1314 1512 1352 1555 ei
1405 1513 1639 1568 capellano
1689 1515 1863 1568 ydoneo
1904 1528 1984 1569 pro
2026 1528 2078 1556 eo

261 1582 472 1626 seruienti
505 1589 551 1625 vt
589 1581 862 1638 premittitur
898 1583 1038 1625 donec
1075 1589 1118 1625 et
1155 1598 1386 1639 quousque
1423 1585 1479 1627 ad
1517 1584 1718 1627 ordinem
1758 1584 2078 1640 presbiteratus

262 1654 488 1698 Canonice
531 1653 661 1696 fuerit
703 1659 934 1709 promotus
980 1654 1040 1696 Et
1090 1653 1153 1697 sic
1202 1660 1529 1710 consequenter
1575 1656 1717 1698 donec
1759 1661 1802 1698 et
1847 1670 2076 1711 quousque

259 1725 405 1767 dictus
438 1724 572 1767 dauid
604 1730 647 1766 et
679 1725 829 1779 Agnes
861 1738 1026 1779 sponsa
1059 1739 1139 1767 sua
1170 1725 1365 1768 habeant
1398 1725 1540 1768 filium
1574 1725 1690 1768 inter
1719 1740 1765 1768 se
1795 1732 2075 1781 procreatum

260 1801 337 1838 aut
364 1795 686 1850 procreandum
709 1795 765 1837 ad
788 1794 1043 1837 huiusmodi
1067 1795 1363 1850 capellaniam
1394 1796 1679 1839 seruiendum
1704 1795 1777 1851 quj
1809 1810 1887 1851 pro
1917 1795 2079 1838 ceteris

262 1866 317 1908 ad
355 1864 521 1907 dictam
564 1863 861 1919 capellaniam
896 1870 1023 1907 erunt
1058 1865 1304 1919 preferendi
1346 1865 1550 1908 faciendo
1594 1865 1840 1921 capellanis
1882 1865 1956 1920 qui
1998 1880 2076 1920 pro

259 1941 463 1990 tempore
504 1934 667 1977 fuerint
710 1940 752 1977 et
777 1931 863 1977 'sui
899 1935 1191 1977 Successores
1223 1950 1303 1991 pro
1333 1935 1571 1979 animabus
1608 1935 1775 1978 nostris
1807 1934 2077 1990 supradictis

262 2005 458 2060 quotidie
496 2019 597 2047 cum
631 2004 834 2059 dispositi
870 2004 1032 2047 fuerint
1071 2007 1123 2047 In
1158 2005 1308 2048 missis
1342 2013 1385 2048 et
1418 2006 1518 2048 aliis
1555 2005 1780 2060 obsequiis
1821 2004 1985 2048 diuinis
2021 2006 2076 2048 ad

261 2075 431 2118 dictum
465 2075 606 2118 altare
644 2074 797 2129 Sanctj
837 2074 1070 2117 michaelis
1111 2076 1363 2118 orationum
1407 2075 1617 2131 suffragia
1653 2077 1916 2118 deuotarum
1951 2081 1994 2117 et
2031 2075 2076 2117 in

262 2145 396 2188 choro
429 2144 625 2200 quotidie
662 2144 707 2186 in
745 2144 1050 2200 solempnibus
1091 2145 1212 2187 horis
1254 2145 1471 2188 interesse
1512 2152 1555 2188 et
1597 2144 1821 2188 deseruire
1852 2144 2077 2187 tenebitur

264 2217 366 2259 Iure
389 2223 540 2260 autem
569 2222 835 2271 patronatus
863 2215 981 2258 dicte
1005 2215 1264 2271 Capellanie
1289 2215 1464 2259 tociens
1486 2215 1700 2271 quociens
1721 2229 1881 2258 vacare
1904 2213 2074 2257 contin-

260 2287 372 2342 gerit
395 2289 451 2331 ad
473 2286 859 2342 presentacionem
887 2301 1034 2329 meam
1058 2293 1101 2329 et
1126 2286 1342 2329 Iohannis
1363 2286 1512 2329 fechat
1536 2285 1613 2341 filij
1640 2285 1726 2341 mej
1751 2291 1794 2328 et
1817 2284 2075 2340 apparentis

260 2357 435 2401 heredis
457 2356 618 2412 quibus
640 2356 950 2400 deficientibus
972 2356 1105 2400 dauid
1123 2356 1325 2399 colisoun
1347 2363 1391 2399 et
1413 2355 1653 2399 heredibus
1676 2354 1769 2398 suis
1793 2356 2074 2398 Remanente

259 2427 394 2471 libere
416 2427 680 2483 disponendi
712 2429 772 2470 Et
796 2427 832 2470 si
856 2427 991 2483 aliquj
1017 2428 1231 2470 heredum
1262 2441 1464 2470 meorum
1488 2426 1633 2470 dictos
1655 2440 1829 2469 annuos
1853 2424 2073 2468 Redditus

259 2497 304 2540 in
326 2504 422 2541 toto
445 2505 522 2542 aut
544 2498 589 2540 in
612 2505 737 2554 parte
761 2497 1029 2542 subtraxerit
1045 2513 1070 2541 a
1088 2498 1208 2541 dicto
1231 2499 1466 2554 capellano
1488 2497 1623 2541 liceat
1646 2497 1827 2540 domino
1846 2496 2072 2551 Episcopo

259 2568 333 2623 qui
375 2582 453 2623 pro
493 2574 694 2623 tempore
734 2568 866 2611 fuerit
908 2569 1235 2611 subtractorem
1283 2567 1552 2611 auctoritate
1596 2581 1678 2610 sua
1719 2565 1986 2621 compellere
2026 2564 2071 2607 in

258 2637 420 2681 Anime
443 2653 520 2681 sue
543 2638 790 2693 periculum
822 2653 960 2694 vsque
993 2640 1048 2682 ad
1075 2639 1254 2694 plenam
1289 2638 1564 2681 solucionem
1597 2637 1803 2693 prosequj
1829 2643 1871 2679 et
1895 2635 2071 2678 distrin-

257 2723 359 2763 gere
383 2722 484 2750 cum
507 2709 667 2751 effectu
701 2708 1001 2764 Infringentes
1024 2724 1102 2751 seu
1125 2708 1322 2764 maligno
1355 2708 1594 2763 infringere
1624 2713 1836 2763 putantes
1868 2711 2069 2748 nostram

259 2778 590 2821 ordinacionem
628 2779 922 2822 donacionem
959 2786 1002 2822 et
1039 2779 1377 2822 concessionem
1414 2779 1478 2821 Ac
1516 2777 1783 2821 huiusmode
1822 2775 2070 2818 Elimeosin

259 2848 652 2892 confirmacionem
701 2850 942 2893 autoritate
993 2849 1162 2893 domini
1211 2849 1352 2892 nostri
1405 2850 1509 2892 Iesu
1560 2848 1714 2903 christj
1760 2845 1969 2901 Crucifixj
2019 2859 2070 2888 ac

258 2918 579 2973 omnipotentis
615 2918 684 2973 dej
723 2926 766 2961 et
805 2921 969 2962 Sancte
1007 2920 1164 2963 matris
1205 2919 1392 2962 ecclesie
1434 2925 1477 2961 et
1513 2924 1731 2974 quantum
1774 2915 2072 2961 committitur

257 2988 451 3031 humane
476 2990 648 3031 Nature
670 2991 725 3032 ad
749 2991 1106 3033 maledicendum
1135 2991 1462 3032 maledicantur
1484 2997 1527 3031 et
1550 2990 1673 3031 illam
1701 2986 2069 3030 malediccionem
2101 2998 2161 3032 101.
2178 2997 2241 3033 361

1149 3061 1183 3090 M
