2524 3418
516 344 567 385 28
1280 342 1533 396 Fragmenta

515 472 571 500 na
594 457 688 501 vice
712 457 754 500 in
779 471 896 501 anno
917 456 1120 500 videlicet
1145 470 1279 498 vnum
1304 456 1358 498 tri
1413 490 1420 497 .

514 528 680 583 gintale
704 529 746 570 in
770 528 991 583 quindena
1046 562 1052 568 .

517 600 790 642 antedictum
814 606 856 641 et
881 597 946 640 sui
971 610 1250 640 successores

516 670 668 712 decem
693 669 856 712 solidos
877 682 963 710 vna

517 753 593 793 pro
616 739 774 794 quibus
797 738 869 792 qui
893 740 1045 780 decem

516 810 577 852 bit
601 816 676 852 aut
701 808 917 852 celebravi
971 841 979 849 .
1045 841 1052 849 .

516 894 611 922 rum
636 878 932 934 predictorum
970 911 978 919 .

515 956 616 992 ente
639 949 810 991 duobus

514 1019 732 1062 dictorum

1169 1132 1420 1174 Intermcdia
1440 1136 1538 1186 pars
1564 1131 1666 1172 deest

219 1254 274 1285 sol·
299 1254 357 1285 14²¹
518 1286 525 1293 .
591 1285 599 1292 .
665 1285 672 1291 .
739 1284 746 1291 .
813 1284 819 1290 .
863 1255 960 1291 atos
983 1247 1122 1303 ipsius
1145 1246 1345 1302 magistri
1371 1245 1586 1288 Iohannis
1608 1246 1824 1289 duntaxat
1847 1245 2044 1302 exceptis
2067 1245 2311 1302 capellanis

814 1353 820 1360 .
866 1318 1134 1360 secludendo
1159 1318 1218 1360 Et
1241 1316 1449 1372 quicquid
1471 1317 1586 1359 vltra
1609 1331 1741 1372 super
1763 1323 1839 1359 aut
1864 1331 2053 1373 superne
2075 1316 2311 1372 contigerit

902 1389 1017 1443 quod
1040 1394 1346 1443 expressatum
1370 1394 1437 1429 est
1460 1388 1515 1430 ad
1537 1386 1863 1442 reparationem
1887 1393 1929 1429 et
1953 1386 2312 1430 reformationem

960 1493 967 1500 .
1003 1459 1260 1514 capellanos
1282 1457 1438 1501 altaris
1460 1457 1673 1500 antedicti
1698 1459 1750 1499 In
1773 1457 1899 1500 cuius
1921 1456 1982 1500 rei
2005 1456 2312 1500 testimonium

1331 1562 1338 1571 .
1396 1527 1476 1570 viri
1500 1526 1673 1583 patricii
1696 1527 1927 1571 badenach
1951 1542 2027 1583 per
2050 1526 2313 1583 magistrum

1108 1633 1115 1641 .
1145 1598 1425 1654 presentibus
1448 1605 1550 1641 sunt
1574 1612 1772 1653 appensa
1794 1598 1911 1653 apud
1934 1597 2102 1640 dictum
2125 1597 2313 1653 burgum

1478 1702 1485 1711 .
1535 1668 1683 1711 lxxviw
1702 1667 1788 1710 hiis
1809 1668 1999 1712 testibus
2021 1669 2186 1711 andrea
2208 1667 2314 1711 sche

1330 1773 1338 1781 .
1399 1753 1495 1781 mar
1520 1738 1712 1782 Ricardo
1735 1740 1788 1782 de
1811 1738 1872 1781 hil
1895 1737 2088 1782 dominis
2111 1738 2314 1782 Iohanne

1256 1844 1263 1851 .
1327 1811 1532 1852 duncano
1555 1809 1754 1865 stralogh
1778 1808 1982 1852 seriando
2004 1823 2106 1852 cum
2165 1844 2172 1851 .
2235 1843 2242 1851 .
2303 1842 2311 1851 .

1394 2009 1432 2051 G

1368 2102 1551 2158 [altar]is
1581 2103 1686 2146 beati
1714 2103 1949 2146 Sebastiani

1417 2218 1679 2262 VVillermus
1703 2219 1913 2261 menzhes
1935 2217 2167 2273 burgensis
2189 2217 2314 2273 burgi

1485 2323 1492 2330 .
1522 2303 1592 2331 me
1615 2303 1692 2344 pro
1715 2289 1859 2331 salute
1881 2287 2029 2331 anime
2051 2302 2148 2330 mee
2169 2287 2316 2330 vxoris

1361 2365 1694 2401 antecessorum
1718 2365 1760 2401 et
1785 2373 2092 2401 successorum
2116 2372 2315 2401 meorum

1634 2429 1702 2472 vel
1726 2429 1848 2484 juste
1871 2428 2004 2472 habui
2028 2443 2104 2471 seu
2128 2429 2317 2484 adeptus

1491 2499 1726 2542 heredibus
1749 2499 1859 2541 meis
1881 2499 1925 2541 in
1948 2505 2210 2554 perpetuum
2233 2512 2316 2541 con

1411 2603 1418 2611 .
1447 2569 1653 2612 omnibus
1676 2569 1844 2612 sanctis
1867 2568 1958 2612 suis
1981 2575 2023 2611 et
2047 2568 2176 2611 altari
2198 2567 2316 2611 beati

1732 2639 1898 2682 situato
1920 2646 1962 2682 et
1984 2639 2058 2681 vni
2085 2638 2316 2694 capellano

1731 2709 1895 2752 solidos
1918 2717 1960 2752 et
1983 2716 2083 2752 octo
2096 2730 2098 2733 ·
2112 2708 2317 2752 denarios

1708 2813 1715 2820 .
1747 2779 2014 2835 supradictis
2034 2779 2104 2822 viz
2124 2781 2178 2822 de
2199 2785 2316 2822 terra

1780 2884 1786 2891 .
1841 2850 1945 2893 dicti
1969 2849 2094 2905 burgi
2117 2864 2169 2892 ex
2191 2855 2315 2905 parte

1164 2964 1413 3005 Intermedia
1434 2969 1531 3019 pars
1557 2965 1659 3006 deest
