2524 3418
588 270 761 311 Rentale
791 270 937 311 altaris
970 270 1177 311 beatorum
1207 268 1410 311 laurencii
1438 273 1474 310 et
1503 269 1692 311 Niniani
2000 282 2053 325 73

1108 467 1206 508 XL.

240 571 413 612 chtale
453 572 509 612 ad
547 571 760 612 emendum
793 575 945 626 panem
977 575 1014 612 et
1049 571 1192 612 vinum
1228 585 1360 612 recens
1393 570 1611 612 annuatim
1645 570 1972 612 distribuendum
2004 571 2051 612 de

354 642 419 683 die
462 642 506 683 iu
542 642 650 683 diem
690 641 867 696 singulis
907 641 1127 696 capellanis
1169 641 1214 682 iii
1253 640 1419 682 ecclesia
1456 638 1693 695 parochiali
1729 638 1836 680 beati
1869 638 2053 680 nicholai

354 711 613 753 celebraturis
637 716 715 767 pro
743 711 1042 752 consecracione
1070 711 1317 752 sacramenti

307 817 346 858 N
371 816 527 871 primis
548 831 685 858 vnum
718 831 918 858 annuum
941 816 1163 858 redditum
1197 816 1239 858 ix
1254 831 1275 858 s
1298 817 1350 858 de
1372 823 1491 860 terra
1522 816 1676 859 thome
1698 814 1843 858 litster
1867 816 2048 858 Iacente

363 886 479 927 inter
508 892 673 928 terram
697 886 792 928 Ade
825 886 971 928 litster
993 901 1044 928 ex
1077 892 1203 940 parte
1235 886 1390 929 boriali
1412 892 1455 928 et
1477 893 1642 929 terram
1671 885 1825 928 thome
1854 884 1972 928 traill
1995 899 2048 926 ex

238 962 363 1009 parte
386 955 571 997 australi
589 955 633 996 in
650 954 748 997 vico
772 954 996 1009 superiore
1015 954 1201 997 ecclesie
1224 956 1285 997 Et
1302 969 1438 997 vnum
1462 969 1660 998 annuum
1679 954 1902 997 redditum
1925 969 2010 996 xxx
2027 969 2048 996 s

238 1027 291 1067 de
312 1031 430 1068 terra
452 1026 616 1067 andree
638 1025 877 1067 ranisoune
902 1026 1083 1067 Iacente
1107 1025 1151 1066 in
1175 1026 1330 1067 eodem
1352 1024 1451 1067 vico
1474 1032 1597 1068 extra
1619 1031 1794 1079 portam
1818 1039 1870 1066 ex
1892 1023 2048 1067 boriali

237 1102 364 1149 parte
405 1095 522 1137 inter
561 1101 726 1137 terram
764 1095 918 1137 thome
955 1095 1176 1137 meldrum
1213 1102 1256 1137 et
1294 1096 1457 1137 andree
1495 1095 1801 1138 michelsoune
1838 1110 1890 1137 ex
1924 1101 2049 1150 parte

236 1163 502 1207 occidentali
525 1171 568 1206 et
591 1179 876 1206 communem
908 1163 1027 1206 viam
1050 1164 1218 1219 regiam
1240 1178 1395 1206 versus
1417 1171 1619 1207 austrum
1653 1171 1695 1206 et
1728 1165 1875 1207 lacum
1897 1178 2052 1206 versus

236 1234 406 1277 boriam
443 1241 486 1276 et
522 1249 660 1276 vnum
703 1249 902 1277 annuum
944 1234 1167 1277 redditum
1209 1249 1265 1276 xx
1287 1236 1314 1277 d
1352 1236 1405 1277 de
1446 1241 1565 1278 terra
1607 1236 1833 1289 quondam
1875 1235 2049 1290 angusij

235 1304 542 1359 glennysoune
560 1318 678 1346 nunc
701 1310 853 1346 autem
871 1303 1090 1347 Willelmi
1113 1317 1230 1358 zong
1251 1303 1366 1345 inter
1387 1310 1551 1345 terram
1575 1304 1800 1357 quondam
1825 1302 2053 1345 Edmundi

236 1374 463 1415 lawsoune
492 1387 545 1415 ex
574 1379 700 1428 parte
733 1372 888 1415 boriali
920 1379 963 1415 et
992 1379 1158 1415 terram
1182 1372 1358 1428 gilberti
1381 1372 1511 1415 leitht
1538 1387 1591 1414 ex
1617 1378 1742 1426 parte
1775 1371 1959 1414 australi
1993 1373 2053 1413 Et

235 1457 372 1485 vnum
393 1457 595 1485 annuum
618 1443 841 1485 redditum
864 1458 891 1485 v
909 1458 929 1485 s
952 1444 1005 1485 de
1027 1450 1145 1486 terra
1170 1443 1387 1485 Iohannis
1409 1443 1659 1485 malisoune
1684 1443 1867 1485 Iacente
1889 1442 1933 1483 in
1956 1441 2054 1484 vico

236 1512 371 1555 castri
404 1528 457 1554 ex
488 1520 614 1568 parte
647 1513 883 1555 borientaIi
916 1513 1115 1555 eiusdem
1137 1512 1222 1567 vicj
1255 1513 1371 1555 inter
1401 1519 1543 1555 terras
1576 1513 1801 1567 quondam
1834 1511 2054 1554 Willelmi

236 1583 440 1625 buchane
474 1589 517 1625 et
549 1583 767 1625 Iohannis
790 1584 997 1626 Wormet
1028 1597 1080 1625 ex
1111 1582 1317 1625 orientali
1340 1589 1383 1625 et
1405 1589 1570 1625 terram
1594 1583 1820 1637 quondam
1854 1580 2054 1623 murdaci

234 1652 636 1708 glenmalwinning
664 1668 716 1695 ex
749 1652 1016 1696 occidentali
1051 1660 1094 1696 et
1125 1653 1221 1697 vias
1247 1653 1394 1709 regias
1428 1668 1481 1696 ex
1516 1652 1702 1696 australi
1740 1659 1783 1695 et
1818 1650 2054 1695 horientali

236 1723 440 1778 partibus

354 1795 544 1836 Summa
565 1793 698 1836 huius
721 1808 800 1849 pro
821 1808 937 1849 pane
960 1801 1003 1837 et
1025 1794 1129 1837 vino
1151 1793 1386 1837 annuatim
1409 1800 1458 1836 ut
1482 1808 1616 1848 supra
1642 1793 1715 1835 xlv
1730 1808 1750 1835 s
1775 1792 1849 1847 viij
1868 1793 1894 1835 d

584 1864 704 1906 Nota
727 1865 844 1918 quod
871 1878 1027 1906 omnes
1059 1863 1292 1919 prescripti
1320 1864 1456 1907 annui
1485 1864 1686 1906 redditus
1708 1870 1925 1905 terrarum
1950 1868 2053 1905 sunt

466 1934 519 1975 de
541 1933 678 1976 fundo
700 1933 898 1988 ipsarum
921 1934 1268 1989 prescriptarum
1300 1941 1430 1990 prout
1463 1933 1599 1978 latius
1624 1933 1670 1976 in
1698 1933 1832 1976 cartis
1865 1934 2055 1988 desuper

466 2002 682 2045 confectis
705 2004 881 2058 plenius
904 2004 1159 2047 continetur

1088 2249 1214 2290 XLI.

351 2349 610 2392 ENTALE
629 2366 879 2394 annuorum
899 2351 1152 2395 reddituum
1168 2352 1323 2395 altaris
1341 2354 1586 2395 Beatorum
1603 2350 1835 2395 Laurentii
1854 2349 2049 2394 martiris

403 2426 445 2462 et
465 2420 650 2464 Niniani
669 2422 936 2464 confessoris
954 2423 1108 2465 situati
1123 2423 1168 2465 in
1187 2423 1375 2466 ecclesia
1393 2423 1657 2478 perrochiali
1674 2422 1804 2465 Beati
1820 2421 2044 2476 Nicholaij

232 2488 285 2529 de
314 2489 536 2532 Abirdene
569 2491 858 2534 fundatorum
893 2507 971 2547 per
1004 2495 1229 2548 quondam
1267 2495 1381 2536 bone
1418 2493 1632 2536 memorie
1660 2492 1957 2537 Wilhelmum
1993 2493 2046 2534 de

232 2557 361 2601 leitht
385 2560 577 2614 primum
596 2562 828 2605 dominum
851 2564 905 2606 de
933 2565 1106 2619 Bernys
1130 2566 1182 2607 In
1206 2564 1362 2619 primis
1384 2566 1437 2607 de
1460 2564 1599 2607 Terra
1623 2562 1839 2607 Iohannis
1859 2567 2045 2605 wormet

233 2629 416 2671 Iacente
452 2629 497 2671 in
533 2630 631 2674 vico
663 2632 811 2675 Castri
847 2647 901 2675 ex
937 2633 1122 2677 australi
1160 2640 1286 2688 parte
1317 2633 1517 2677 eiusdem
1551 2633 1668 2676 inter
1696 2640 1839 2675 terras
1869 2631 1909 2673 T
1913 2631 2046 2673 home

231 2699 377 2741 Waus
409 2705 452 2742 et
484 2701 618 2744 dauid
639 2701 847 2746 Theman
871 2719 924 2746 ex
946 2704 1151 2747 orientali
1175 2719 1228 2747 ex
1249 2719 1336 2748 vna
1368 2711 1412 2748 et
1441 2710 1585 2748 terras
1617 2705 1843 2760 quondam
1875 2701 2046 2744 henrici

229 2782 336 2823 crag
385 2776 428 2812 et
481 2771 614 2814 dauid
660 2772 794 2827 fynne
851 2789 904 2816 ex
959 2774 1226 2817 occidentali
1282 2774 1484 2829 partibus
1539 2776 1596 2818 ab
1648 2774 1788 2817 altera
1840 2771 2046 2826 Triginta

230 2838 396 2881 solidos
418 2841 652 2883 annuatim
685 2843 739 2884 de
760 2850 878 2886 terra
907 2851 1001 2886 tam
1029 2844 1250 2887 anteriore
1273 2859 1407 2899 quam
1440 2844 1655 2886 Interiore
1681 2844 1844 2886 andree
1873 2841 2045 2885 ancroft

231 2909 413 2952 Iacente
436 2910 480 2952 in
503 2912 659 2954 eodem
681 2912 780 2956 vico
802 2928 855 2956 ex
884 2916 1040 2958 eadem
1060 2921 1189 2970 parte
1221 2915 1420 2959 eiusdem
1443 2915 1559 2957 inter
1589 2920 1753 2957 terram
1786 2926 1906 2956 nunc
1928 2912 2044 2955 alex-

1125 2986 1154 3016 Κ

2077 894 2135 926 fol.
2153 897 2193 927 29
2204 895 2216 914 ²

2079 2358 2223 2391 Rentale

2037 2421 2044 2428 ·
2078 2412 2268 2435 annuorum

2077 2445 2269 2477 reddituum

2077 2489 2201 2531 altaris·
2213 2489 2328 2521 beato-

2076 2543 2150 2565 rum
2169 2532 2330 2575 laurencij

2075 2581 2109 2609 et
2128 2576 2268 2619 Ninianj
