2524 3418
249 1490 305 1522 sol.
327 1488 389 1522 22ยน

549 293 603 346 48
791 292 951 333 Littera
977 291 1234 346 possessionis
1267 290 1519 332 Reddituum
1551 290 1696 332 altaris
1728 290 1872 332 Sancti
1903 291 2122 346 Cristosori

549 421 599 449 ac
623 406 928 461 possessiones
950 412 1127 447 nostras
1150 411 1303 447 eontra
1326 418 1481 446 omnes
1503 404 1714 446 mortales
1727 403 2105 447 varantizabimus
2126 405 2348 460 acquieta-

548 478 694 520 bimus
715 484 757 519 et
784 478 1117 531 Imperpetuum
1152 475 1439 517 defendemus
1463 476 1514 516 In
1538 474 1663 516 cuius
1688 474 1768 529 Rej
1794 474 2100 517 testimonium
2129 474 2232 518 huie
2254 491 2348 530 pre-

548 546 661 589 senti
694 553 814 589 carte
848 559 942 587 mee
975 545 1168 599 sigillum
1203 559 1351 586 meum
1384 551 1426 586 et
1458 543 1602 597 sigilla
1634 544 1918 598 prouidorum
1950 544 2143 586 virorum
2176 546 2349 588 Andree

548 617 707 660 Cullan
745 623 786 657 et
827 614 1040 656 Iohannis
1079 615 1177 655 Mar
1213 615 1399 655 duorum
1437 613 1701 655 balliuorum
1739 613 1843 667 dictj
1883 613 2007 667 burgj
2051 628 2102 655 ac
2143 615 2347 656 datorum

547 685 693 727 sasine
726 683 978 726 huiusmodi
1011 697 1260 725 annuorum
1297 683 1569 725 Reddituum
1604 689 1705 724 sunt
1739 697 1936 737 appensa
1969 684 2086 737 apud
2118 683 2349 726 Aberdene

546 755 717 797 decimo
740 762 899 796 octauo
921 753 990 795 die
1014 752 1180 795 mensis
1205 752 1310 807 Maij
1336 767 1452 794 anno
1475 752 1641 794 domini
1665 752 1901 794 millesimo
1919 759 1961 794 et
1980 751 2349 808 Quingentesimo

545 826 706 867 Coram
749 822 1090 865 Venerabilibus
1131 829 1172 864 et
1215 822 1412 876 prouidis
1454 821 1558 863 viris
1602 821 1819 876 Magistro
1859 822 2110 864 Alexandro
2155 823 2349 877 gordone

544 894 771 937 Canonico
815 892 1027 936 Rossensi
1071 893 1322 934 Alexandro
1366 892 1478 934 Reid
1519 892 1771 934 Alexandro
1815 892 2126 934 mathowsoun
2168 891 2348 935 domino

543 965 720 1006 Andrea
763 963 957 1007 Chamer
998 963 1229 1016 capellano
1281 961 1506 1004 Riehardo
1552 962 1697 1004 Waus
1748 962 1926 1004 Andrea
1971 963 2117 1005 Waus
2167 962 2348 1004 matheo

544 1034 737 1076 branche
770 1033 1000 1075 willelmo
1033 1033 1235 1075 buchane
1271 1033 1471 1074 Iohanne
1503 1034 1720 1074 Annande
1754 1032 1954 1074 Iohanne
1986 1032 2202 1075 malisone
2235 1032 2348 1075 Wil-

544 1104 676 1145 lelmo
699 1118 829 1156 crage
852 1103 1102 1144 Alexandro
1130 1103 1272 1156 Crage
1296 1101 1590 1156 burgensibus
1616 1103 1668 1144 de
1691 1103 1922 1144 Aberdene
1944 1102 2174 1144 Willelmo
2197 1101 2348 1144 serim-

543 1187 679 1225 geour
701 1180 743 1214 et
773 1174 934 1214 Iacobo
964 1172 1044 1214 leis
1074 1171 1329 1225 sergeandis
1357 1186 1408 1213 ac
1438 1171 1618 1213 domino
1653 1171 1852 1213 Iohanne
1886 1170 2130 1225 Stirueling
2161 1170 2348 1213 Notario

546 1242 728 1284 Publico

1363 1397 1535 1438 XXIV.

547 1489 673 1546 Copia
714 1490 842 1532 littere
875 1488 1134 1545 possessionis
1184 1502 1416 1530 annuorum
1456 1488 1690 1530 reddituum
1720 1488 1996 1544 fundatorum
2031 1493 2107 1545 per
2145 1489 2351 1545 quondam

904 1558 1116 1614 Jolzamzis
1147 1558 1299 1613 matlzej
1329 1558 1385 1600 ad
1414 1558 1542 1613 altarj
1573 1558 1718 1613 Sanctj
1748 1558 1978 1614 christoforj

655 1653 958 1697 NIUERSIS
989 1659 1032 1694 et
1062 1651 1249 1706 singulis
1271 1653 1326 1694 ad
1349 1666 1536 1706 quorum
1560 1650 1786 1694 Noticiam
1818 1652 2055 1694 Presentes
2086 1651 2232 1694 littere
2254 1665 2349 1706 per-

711 1723 914 1765 uenerint
946 1722 1147 1764 Thomas
1169 1723 1222 1764 de
1245 1722 1435 1764 Camera
1457 1736 1570 1763 vnus
1598 1721 1863 1764 balliuorum
1896 1721 2021 1776 burgj
2053 1722 2106 1763 de
2127 1721 2349 1764 Abirdene

544 1793 735 1835 salutem
762 1793 806 1835 in
833 1792 1032 1835 omnium
1067 1792 1289 1834 saluatore
1322 1793 1436 1835 Cum
1468 1791 1591 1846 pium
1615 1792 1671 1834 sit
1695 1798 1737 1834 et
1760 1791 2037 1834 meritorium
2070 1791 2199 1834 fidele
2226 1791 2350 1834 testi-

546 1862 745 1904 monium
768 1862 998 1917 perhibere
1014 1861 1189 1916 veritatj
1211 1868 1253 1903 et
1273 1861 1466 1904 maxime
1483 1861 1527 1903 in
1545 1861 1632 1903 hiis
1649 1876 1733 1916 que
1755 1876 1833 1916 per
1855 1861 2032 1904 Iudices
2053 1867 2096 1904 et
2118 1861 2354 1905 officiarios

545 1934 784 1987 burgorum
816 1930 983 1974 domini
1012 1930 1153 1973 nostri
1178 1930 1316 1985 Regis
1341 1930 1544 1985 legaliter
1575 1937 1676 1974 aeta
1698 1931 1810 1973 fiunt
1839 1930 1943 1973 hinc
1972 1937 2039 1973 est
2062 1932 2179 1986 quod
2200 1932 2256 1974 ad
2278 1945 2349 1974 me

544 2002 746 2057 peruenit
778 2001 989 2056 prouidus
1016 2000 1083 2043 vir
1116 2001 1341 2043 Iohannes
1371 2001 1540 2055 mathej
1575 2000 1809 2055 burgensis
1841 2000 1946 2056 dictj
1978 2001 2103 2056 burgj
2137 2007 2180 2044 et
2212 2000 2348 2044 michi

544 2086 644 2114 cum
689 2070 912 2113 Instantia
954 2070 1223 2125 supplicauit
1265 2076 1486 2124 quatenus
1527 2084 1678 2112 secum
1719 2069 1909 2112 transire
1943 2069 2077 2112 velim
2114 2071 2170 2113 ad
2205 2075 2348 2113 terras

545 2141 858 2195 Infrascriptas
880 2141 936 2182 ad
958 2141 1151 2182 dandam
1179 2139 1376 2182 sasinam
1406 2146 1449 2182 et
1478 2140 1806 2194 possessionem
1839 2139 2030 2182 discreto
2051 2138 2145 2181 viro
2167 2139 2347 2181 domino

545 2212 733 2266 Iohannj
761 2212 953 2253 Modane
977 2210 1221 2265 Capellano
1244 2225 1324 2252 suo
1352 2209 1532 2252 nomine
1555 2216 1598 2252 et
1621 2224 1674 2252 ex
1695 2216 1820 2264 parte
1843 2209 1998 2252 altaris
2028 2208 2145 2263 beatj
2180 2207 2346 2251 Cristo-

541 2281 622 2335 forj
662 2279 889 2322 marthiris
921 2279 965 2320 in
997 2279 1186 2321 ecclesia
1217 2278 1459 2334 parochialj
1499 2279 1642 2334 sanctj
1681 2278 1889 2334 nicholaij
1928 2279 1982 2320 de
2012 2278 2235 2321 Abirdene
2270 2293 2348 2334 per

542 2350 689 2405 ipsum
727 2350 974 2392 Iohannem
1017 2349 1184 2404 mathej
1229 2350 1373 2391 denuo
1413 2348 1584 2404 fundatj
1629 2362 1681 2391 ac
1723 2348 1875 2403 situatj
1919 2349 1972 2390 de
2012 2347 2143 2390 terris
2183 2347 2345 2391 annuis

545 2419 810 2461 Redditibus
842 2419 1215 2473 subsequentibus
1246 2418 1451 2462 videlicet
1483 2420 1537 2461 de
1557 2433 1644 2461 vno
1675 2432 1823 2461 annuo
1854 2417 2030 2460 redditu
2054 2416 2211 2473 vigintj
2246 2417 2346 2460 soli-

543 2491 698 2532 dorum
731 2489 898 2531 vsualis
934 2495 1112 2530 monete
1149 2487 1288 2530 scotie
1324 2494 1513 2530 exeunte
1554 2487 1787 2530 annuatim
1824 2492 1866 2529 et
1903 2486 2093 2528 leuando
2125 2487 2178 2528 de
2208 2486 2345 2530 fundo

543 2559 662 2602 illius
693 2567 810 2602 terre
841 2559 1056 2601 Iohannis
1085 2565 1311 2614 pantoune
1340 2559 1393 2600 de
1422 2559 1688 2613 petmedane
1712 2558 1893 2599 Iacente
1915 2555 1960 2597 in
1990 2555 2088 2598 vieo
2118 2555 2342 2598 furcarum

543 2630 648 2684 dictj
674 2629 798 2684 burgj
823 2643 876 2671 ex
897 2628 1162 2671 occidentali
1185 2635 1310 2683 parte
1333 2628 1531 2670 eiusdem
1553 2627 1637 2682 vicj
1663 2627 1778 2669 inter
1798 2633 1962 2669 terram
1980 2626 2157 2668 Andree
2179 2627 2347 2669 Baxter

543 2715 595 2742 ex
617 2700 802 2742 australi
835 2706 959 2754 parte
983 2714 1035 2741 ex
1056 2714 1142 2741 vna
1165 2706 1207 2741 et
1230 2706 1393 2742 terram
1426 2698 1639 2741 heredum
1668 2698 1892 2752 quondam
1927 2695 2142 2738 Iohannis
2173 2709 2270 2738 mar
2291 2710 2344 2738 ex

542 2769 707 2812 boreali
743 2769 944 2823 partibus
980 2769 1034 2811 ab
1071 2768 1210 2810 altera
1247 2774 1375 2822 prout
1413 2781 1460 2809 se
1496 2765 1693 2808 extendit
1726 2765 1770 2807 in
1802 2763 2079 2819 longitudine
2115 2769 2157 2806 et
2194 2762 2343 2806 latitu-

542 2839 643 2881 dine
671 2841 726 2882 ad
755 2839 902 2881 lacurn
932 2838 1036 2893 dictj
1069 2837 1194 2892 burgj
1223 2851 1378 2879 versus
1409 2836 1616 2880 occidens
1643 2842 1686 2878 et
1716 2848 1999 2878 communem
2024 2832 2142 2876 viam
2174 2831 2342 2887 regiam

540 2924 695 2953 versus
730 2909 877 2952 oriens
914 2910 1029 2951 Item
1065 2909 1120 2950 de
1154 2922 1241 2950 vno
1277 2921 1426 2951 annuo
1463 2906 1658 2950 Redditu
1694 2905 1837 2949 decim
1879 2904 2120 2947 solidorum
2157 2908 2345 2944 exeunte
