2524 3418
169 777 223 809 sol.
245 779 284 808 93
296 776 308 795 ‘·’

169 854 334 893 qaixgiisti
354 855 429 883 1601

168 898 365 937 productum

168 951 280 971 comm
299 951 368 981 pre-

168 985 277 1024 posito
295 991 326 1015 et

171 1027 310 1058 Balliuis
336 1027 430 1068 burgi

168 1071 207 1101 de
226 1071 372 1101 Abirden

166 1617 218 1658 xvj
237 1626 252 1647 s

466 309 547 361 246
1113 308 1243 350 Carta
1271 307 1433 361 georgii
1463 307 1621 362 quhytte

469 423 682 465 Iohannis
719 423 988 465 matellande
1032 423 1212 464 Iacente
1254 421 1297 462 in
1339 421 1436 463 vico
1473 420 1666 463 inferiori
1702 421 1827 476 burgi
1862 423 1915 464 de
1954 424 2183 466 Aberdene
2216 430 2263 466 vt

465 494 638 547 plenius
670 494 713 535 in
745 501 869 536 carta
902 492 1154 547 precedenti
1187 498 1253 534 est
1286 506 1543 546 expressum

1280 677 1446 719 CXIX.
2251 652 2272 671 ⁹

535 771 573 812 N
621 770 689 812 dei
743 769 935 812 Nomine
976 771 1118 811 Amen
1160 784 1236 824 per
1277 770 1361 812 hoc
1403 784 1586 824 presens
1624 770 1855 812 Publicum
1905 772 2261 814 Instrumentum

591 839 777 882 Cunctis
818 845 969 893 pateat
1006 839 1236 880 euidenter
1271 846 1313 880 et
1352 839 1408 881 sit
1443 846 1598 881 notum
1637 841 1752 893 quod
1788 854 1905 882 anno
1943 840 2263 883 incarnationis

466 909 700 950 Dominice
756 908 992 950 millesimo
1043 908 1400 962 quingentesimo
1451 909 1790 962 quadragesimo
1846 911 2040 951 secundo
2096 910 2263 952 mensis

464 992 566 1019 vero
608 978 760 1032 marcij
796 978 865 1020 die
901 978 1117 1032 vigesimo
1159 978 1349 1032 septimo
1393 978 1642 1020 Indictione
1679 978 1852 1020 decima
1893 979 2048 1033 quinta
2089 979 2264 1033 pontifi-

463 1055 589 1089 catus
635 1047 906 1089 sanctissimi
949 1048 992 1089 in
1035 1048 1200 1090 christo
1247 1048 1386 1102 patris
1430 1063 1482 1090 ac
1528 1048 1695 1090 domini
1741 1049 1879 1103 nostrj
1926 1049 2092 1103 dominj
2141 1048 2260 1103 paulj

462 1116 613 1158 diuina
645 1116 924 1171 prouidentia
960 1131 1074 1171 pape
1110 1117 1233 1171 tercij
1269 1119 1398 1159 Anno
1440 1124 1600 1159 octauo
1633 1117 1677 1158 in
1710 1118 1794 1171 mej
1830 1117 1989 1172 notarij
2023 1118 2185 1173 publicj
2220 1125 2263 1160 et

461 1185 643 1227 testium
688 1186 1069 1240 infrascriptorum
1117 1186 1341 1240 presentia
1388 1186 1682 1240 personaliter
1733 1186 2004 1228 constitutus
2048 1187 2263 1229 honestus

461 1255 526 1296 vir
566 1255 772 1309 georgius
813 1255 999 1310 quhytte
1042 1255 1274 1309 burgensis
1315 1257 1368 1298 de
1409 1256 1630 1298 Abirdene
1679 1255 1892 1310 obligauit
1939 1271 1985 1298 se
2029 1256 2263 1299 fidemedia

462 1339 566 1366 suos
613 1325 797 1366 heredes
843 1332 1102 1367 executores
1147 1332 1190 1367 et
1238 1326 1491 1380 assignatos
1538 1327 1593 1368 ad
1639 1326 1818 1368 realiter
1864 1332 1906 1368 et
1954 1341 2055 1368 cum
2103 1327 2262 1369 effectu

461 1394 793 1436 deliberandum
846 1401 888 1436 et
940 1395 1282 1448 persoluendum
1345 1395 1536 1437 discreto
1597 1395 1776 1437 domino
1837 1396 2075 1438 alexandro
2126 1396 2262 1451 leslye

461 1464 692 1518 capellano
747 1470 960 1518 perpetuo
1009 1464 1162 1506 altaris
1204 1464 1320 1519 beatj
1383 1464 1597 1506 Iohannis
1639 1465 1831 1519 baptiste
1872 1465 1985 1507 infra
2026 1465 2260 1508 ecclesiam

462 1534 781 1588 perrochialem
840 1533 929 1587 diuj
1002 1533 1194 1589 nicholaj
1261 1536 1314 1576 de
1380 1534 1588 1576 abirdene
1638 1534 1811 1576 fundati
1867 1549 2003 1577 vnum
2063 1549 2261 1577 annuum

462 1603 682 1645 redditum
737 1603 805 1657 xvj
855 1603 1096 1646 solidorum
1159 1605 1213 1646 ad
1270 1605 1380 1646 duos
1441 1604 1545 1658 annj
1608 1605 1824 1646 terminos
1884 1605 2062 1647 vsuales
2121 1604 2262 1659 penti-

461 1680 608 1715 costes
643 1672 848 1714 videlicet
881 1679 924 1714 et
957 1673 1099 1728 sanctj
1136 1672 1313 1727 martinj
1349 1673 1393 1714 in
1426 1674 1585 1728 hyeme
1618 1688 1695 1728 per
1726 1674 1906 1728 equales
1942 1675 2052 1716 duas
2093 1674 2264 1717 medias

462 1743 693 1797 porciones
735 1743 1062 1798 imperpetuum
1105 1743 1338 1786 annuatim
1380 1750 1615 1786 exeuntem
1653 1750 1696 1786 et
1733 1744 1972 1786 leuandum
2007 1745 2060 1786 de
2093 1750 2189 1786 tota
2219 1750 2262 1786 et

462 1813 633 1868 integra
673 1820 791 1855 terra
834 1828 914 1856 sua
955 1828 1039 1868 que
1080 1814 1185 1856 olim
1226 1814 1308 1856 fuit
1354 1814 1571 1856 Iohannis
1614 1816 1822 1857 Durwart
1866 1816 2048 1857 Iacente
2089 1814 2133 1856 in
2164 1813 2262 1857 vico

461 1881 664 1924 inferiore
697 1883 882 1925 ecclesie
917 1883 1037 1938 Dictj
1072 1883 1198 1938 burgi
1231 1898 1283 1926 ex
1315 1884 1501 1927 australi
1538 1891 1663 1939 parte
1705 1884 1903 1927 eiusdem
1942 1886 2065 1926 Inter
2097 1890 2261 1927 terram

459 1951 682 2006 alexandrj
715 1966 840 2006 moyr
870 1952 1056 1994 textoris
1087 1967 1140 1994 ex
1171 1952 1374 1995 orientali
1407 1968 1459 1995 ex
1487 1968 1573 1996 vna
1609 1961 1774 1996 terram
1808 1955 2032 2008 quondam
2066 1954 2258 2008 duncanj

459 2021 681 2075 gilruycht
716 2036 767 2063 ex
804 2022 1068 2064 occidentali
1107 2023 1307 2077 partibus
1344 2024 1398 2065 ab
1436 2024 1576 2066 altera
1612 2038 1895 2066 communem
1933 2023 2051 2066 viam
2093 2023 2260 2078 regiam

458 2104 612 2132 versus
645 2092 823 2133 boream
856 2099 898 2134 et
931 2099 1094 2134 terram
1150 2125 1159 2134 .
1214 2126 1222 2135 .
1277 2126 1286 2135 .
1338 2108 1492 2136 versus
1523 2100 1725 2136 austrum
1749 2093 1834 2149 Qui
1868 2108 2042 2136 annuus
2064 2093 2263 2135 redditus

459 2174 510 2201 ex
544 2161 728 2215 antiquo
762 2163 1020 2204 Debebatur
1056 2163 1173 2204 dicte
1211 2163 1457 2217 capellanie
1494 2170 1536 2205 et
1574 2178 1692 2206 nunc
1724 2163 1769 2205 in
1802 2163 1878 2205 lite
1911 2164 2131 2217 pendente
2165 2176 2261 2217 pro-

461 2237 674 2283 sequente
697 2230 815 2272 dicto
832 2231 1010 2285 georgio
1034 2239 1076 2273 et
1099 2232 1270 2273 intente
1293 2234 1480 2274 eundem
1505 2247 1703 2275 annuum
1725 2232 1946 2274 redditum
1970 2232 2014 2273 in
2038 2232 2134 2286 lege
2151 2231 2261 2273 obti-

460 2312 563 2340 nere
594 2306 637 2341 et
669 2313 747 2354 pro
780 2301 996 2342 seditione
1029 2302 1119 2343 litis
1152 2309 1195 2343 et
1227 2302 1527 2344 controuersie
1550 2302 1664 2344 inter
1686 2303 1864 2343 eosdem
1888 2301 2033 2343 dictus
2055 2300 2261 2355 georgius

459 2368 673 2423 obligauit
706 2383 752 2411 se
782 2376 829 2411 vt
862 2371 1135 2424 premittitur
1166 2373 1221 2413 ad
1253 2372 1516 2414 soluendum
1544 2373 1733 2414 eundem
1757 2371 2083 2426 imperpetuum
2117 2370 2260 2425 capel-

460 2439 562 2480 lano
594 2439 711 2481 dicte
745 2441 990 2494 capellanie
1026 2443 1084 2482 Et
1120 2442 1266 2483 dictus
1308 2443 1567 2496 capellanus
1608 2441 1822 2496 obligauit
1861 2456 1906 2483 se
1941 2447 1983 2482 et
2027 2455 2130 2482 suos
2164 2454 2260 2482 suc-

459 2521 657 2550 cessores
689 2510 944 2563 capellanos
981 2510 1097 2552 dicte
1131 2511 1376 2565 capellanie
1409 2513 1463 2553 ad
1496 2512 1712 2553 orandum
1755 2517 1797 2552 et
1834 2510 2149 2552 celebrandum
2181 2523 2260 2563 pro

378 2596 384 2605 i
459 2578 694 2620 animabus
731 2579 834 2633 dictj
879 2580 1044 2635 georgij
1089 2595 1166 2622 sue
1207 2581 1354 2622 vxoris
1395 2596 1573 2623 suorum
1621 2586 1855 2635 parentum
1897 2581 2258 2634 predecessorum

460 2647 647 2700 prolium
680 2655 722 2689 et
754 2649 1067 2702 posteritatum
1104 2651 1439 2705 Imperpetuum
1483 2651 1626 2705 Super
1665 2649 1824 2704 quibus
1861 2649 2067 2691 omnibus
2098 2654 2141 2690 et
2174 2648 2260 2689 sin-

458 2717 573 2769 gulis
624 2717 769 2759 dictus
821 2719 1078 2773 capellanus
1129 2720 1210 2774 sibj
1264 2720 1357 2762 fieri
1408 2720 1535 2775 petijt
1587 2734 1770 2774 presens
1821 2719 2046 2773 publicum
2099 2717 2259 2759 instru-

459 2793 659 2827 mentum
697 2801 722 2828 a
754 2801 824 2828 me
856 2788 1028 2830 notario
1060 2789 1237 2842 publico
1270 2789 1519 2843 subscripto
1555 2790 1668 2830 Acta
1701 2794 1826 2830 erant
1862 2788 1944 2829 hec
1991 2787 2034 2828 in
2072 2785 2260 2828 ecclesia

459 2856 737 2898 subterrania
789 2857 905 2898 Diue
960 2857 1142 2912 virginis
1191 2859 1244 2900 de
1294 2858 1460 2913 pietate
1511 2858 1554 2899 in
1607 2857 1795 2899 ecclesia
1847 2855 2111 2910 parrochialj
2167 2853 2255 2908 diuj

458 2923 649 2978 nicholaj
703 2925 816 2967 infra
866 2927 1053 2980 burgum
1096 2927 1370 2969 antedictum
1413 2927 1567 2968 horam
1619 2925 1794 2968 circiter
1833 2924 2114 2966 vndecimam
2156 2928 2259 2965 ante
