2524 3418
409 316 621 358 Fundatio
651 316 857 371 Magistri
887 315 1018 358 thome
1045 316 1177 358 Waus
1207 316 1316 371 apud
1347 316 1477 358 altare
1506 316 1638 358 sancti
1668 317 1843 373 martinj
1951 330 2031 373 175

222 431 498 474 concessisse
524 439 567 474 et
590 433 674 474 hac
696 438 904 486 presente
929 437 1054 474 carta
1084 446 1184 474 mea
1214 432 1504 474 confirmasse
1535 434 1632 474 Deo
1661 433 1956 488 omnipotentj
1989 440 2032 476 et

222 502 317 544 eius
341 503 471 557 matrj
498 504 625 545 beate
649 502 786 544 marie
808 502 966 556 virginj
993 517 1043 544 ac
1067 502 1273 548 omnibus
1297 502 1465 544 sanctis
1488 509 1530 544 et
1554 503 1681 557 altarj
1708 503 1823 557 beatj
1850 503 2030 558 martinj

223 572 488 614 confessoris
517 579 559 614 et
590 573 821 627 capellano
854 573 1017 614 ibidem
1051 573 1290 627 celebrantj
1326 579 1369 614 et
1401 587 1479 627 pro
1511 580 1724 627 perpetuo
1757 574 2033 616 celebraturo

224 642 277 683 In
311 641 500 684 ecclesia
537 641 802 696 perrochialj
842 642 958 696 beatj
999 641 1208 696 nicholaij
1247 642 1513 684 confessoris
1547 643 1600 684 de
1635 643 1853 684 aberdene
1889 649 2032 685 totam

221 717 385 753 terram
423 725 570 753 meam
610 713 841 753 Iacentem
875 711 920 752 in
951 711 1069 753 dicto
1106 712 1244 765 burgo
1279 712 1332 753 de
1367 712 1586 753 aberdene
1617 712 1670 753 In
1702 711 1775 753 via
1809 711 1943 766 castrj
1980 726 2033 754 ex

221 786 347 833 parte
370 779 554 833 australj
579 779 778 821 eiusdem
801 779 885 833 vicj
913 780 1226 833 extendentem
1245 794 1271 821 a
1287 786 1404 821 terra
1428 780 1626 834 symonis
1649 780 1856 822 craufurd
1876 795 2032 822 versus

221 848 429 890 occidens
464 863 603 902 vsque
640 851 695 891 ad
731 856 897 891 terram
935 849 1147 891 heredum
1186 851 1410 903 quondam
1451 850 1613 904 robertj
1660 850 1843 892 Ioannis
1878 865 2033 892 versus

220 916 367 958 oriens
390 923 432 959 et
455 932 741 959 communem
763 918 883 960 viam
909 919 1078 972 regiam
1100 933 1255 960 versus
1286 920 1464 961 boream
1488 926 1531 962 et
1553 935 1579 963 a
1602 920 1721 963 dieta
1743 927 1860 963 terra
1883 928 2032 963 exten-

220 986 400 1027 dentem
436 1001 592 1029 versus
628 993 831 1029 austrum
870 989 925 1029 ad
964 988 1098 1030 aliam
1137 990 1361 1042 quondam
1398 989 1614 1044 telmannj
1654 991 1862 1045 aurifabrj
1901 998 2031 1045 prout

221 1055 344 1096 Iacet
366 1054 411 1096 in
434 1055 712 1110 longitudine
735 1063 778 1098 et
802 1056 1039 1098 latitudine
1063 1072 1196 1111 quarn
1219 1064 1384 1099 terram
1407 1058 1559 1101 diuina
1589 1060 1862 1114 suffragante
1887 1061 2032 1115 proui-

219 1124 372 1167 dentia
400 1125 618 1180 acquisiuj
650 1133 897 1180 conquestu
926 1128 1167 1169 tenendam
1191 1133 1234 1169 et
1263 1128 1516 1170 habendam
1544 1129 1709 1172 dictam
1739 1137 1902 1173 terram
1930 1146 2031 1173 cum

219 1194 507 1248 pertinenciis
548 1195 719 1250 prefato
757 1196 885 1250 altarj
925 1202 968 1237 et
1006 1196 1238 1250 capellano
1280 1197 1353 1251 quj
1398 1212 1476 1251 pro
1517 1204 1717 1253 tempore
1757 1200 1887 1242 fuerit
1930 1215 2031 1242 cum

220 1263 427 1306 omnibus
461 1265 562 1306 Iure
595 1270 638 1306 et
667 1270 788 1306 recto
820 1264 935 1306 Iuris
961 1279 987 1306 a
1017 1279 1088 1306 me
1116 1264 1161 1305 in
1191 1279 1348 1319 puram
1381 1266 1673 1308 elemosinam
1703 1267 2031 1323 imperpetuum

219 1333 354 1375 libere
377 1333 525 1388 quiete
546 1333 742 1388 plenarie
769 1333 940 1388 integre
966 1333 1209 1376 honorifice
1233 1335 1343 1376 bene
1366 1340 1408 1376 et
1436 1334 1480 1376 in
1503 1350 1612 1390 pace
1636 1350 1736 1378 cum
1760 1338 1967 1380 omnibus
1989 1345 2032 1381 et

219 1403 406 1459 singulis
438 1403 834 1446 commoditatibus
864 1410 907 1445 et
938 1403 1231 1458 aysiamentis
1253 1418 1305 1446 ac
1330 1404 1468 1446 Iustis
1501 1405 1593 1447 suis
1621 1406 1909 1460 pertinenciis
1937 1408 2031 1462 qui-

218 1474 478 1529 buscunque
512 1474 568 1516 ad
602 1473 768 1516 dietam
803 1480 969 1516 terram
1005 1488 1107 1515 cum
1140 1473 1427 1528 pertinenciis
1461 1476 1768 1529 spectantibus
1804 1492 1881 1519 seu
1915 1477 2031 1521 iuste

219 1550 423 1599 spectare
453 1544 706 1587 valentibus
739 1544 1071 1599 quomodolibet
1109 1544 1153 1586 in
1190 1545 1390 1587 futurum
1428 1545 1523 1587 sine
1559 1546 1709 1601 aliqua
1745 1548 2031 1591 reuocatione

217 1614 538 1657 reclamatione
557 1621 632 1657 aut
652 1615 1004 1657 contradictione
1027 1629 1393 1669 quorumcunque
1411 1615 1591 1658 nomine
1610 1631 1709 1659 meo
1729 1619 2029 1672 Imposterum

219 1685 415 1727 fiendum
439 1686 564 1728 saluo
587 1692 630 1727 et
653 1692 882 1728 reseruato
906 1685 1087 1727 seruitio
1111 1685 1291 1727 domino
1313 1693 1466 1728 nostro
1489 1687 1581 1741 regj
1608 1687 1738 1729 solito
1757 1694 1798 1729 et
1817 1695 2033 1731 consueto

218 1755 421 1798 faciendo
460 1757 570 1798 Inde
607 1756 841 1798 annuatim
880 1756 1026 1798 dictus
1064 1756 1323 1810 capellanus
1356 1756 1428 1811 quj
1468 1771 1545 1811 pro
1580 1763 1781 1811 tempore
1812 1758 1943 1800 fuerit
1977 1760 2031 1802 ad

219 1826 388 1868 dictum
426 1827 566 1869 altare
605 1828 658 1869 In
696 1827 923 1870 antedicta
960 1827 1149 1869 ecclesia
1187 1827 1419 1869 seruitium
1458 1828 1813 1870 ecclesiasticum
1857 1835 1899 1871 et
1937 1844 2032 1873 ora-

218 1895 391 1938 tionum
428 1897 638 1951 suffragia
669 1912 747 1951 pro
781 1897 924 1939 salute
958 1897 1106 1939 anime
1141 1912 1238 1939 mee
1271 1912 1650 1952 personarumque
1684 1898 2031 1953 prescriptarum

219 1972 262 2008 et
294 1966 495 2009 omnium
528 1967 781 2009 animarum
823 1967 1135 2009 defunctorum
1177 1967 1375 2009 fidelium
1411 1968 1527 2008 Item
1558 1967 1659 2009 volo
1689 1974 1735 2010 ‘et
1767 1968 1921 2010 ordino
1954 1984 2032 2024 pro

219 2050 289 2078 me
322 2042 364 2078 et
397 2036 605 2079 omnibus
638 2037 818 2079 nomine
852 2052 952 2079 meo
987 2038 1103 2091 quod
1141 2037 1288 2079 dictus
1322 2037 1582 2091 capellanus
1613 2044 1856 2092 perpetuus
1888 2045 1930 2081 et
1964 2039 2031 2082 sui

217 2120 499 2148 successores
521 2107 694 2161 decentj
720 2113 763 2148 et
786 2107 975 2149 honesto
1004 2107 1160 2149 habitu
1190 2107 1311 2149 horis
1340 2107 1583 2149 maioribus
1612 2107 1848 2150 dominicis
1877 2109 2032 2151 diebus

215 2181 258 2217 et
286 2175 412 2217 festis
441 2175 692 2230 duplicibus
717 2177 848 2218 quta
872 2178 1054 2219 modurn
1085 2177 1202 2218 dicte
1226 2177 1411 2219 ecclesie
1434 2177 1718 2232 parochyalis
1741 2192 1843 2219 cum
1866 2179 2029 2220 ceteris

215 2245 460 2300 capellanis
486 2245 685 2287 eiusdem
711 2252 919 2288 teneatur
940 2246 1236 2300 personaliter
1256 2246 1472 2288 interesse
1494 2252 1672 2288 tantum
1695 2262 1774 2301 pro
1796 2247 1916 2302 omnj
1943 2248 2029 2290 alio

216 2315 405 2357 seruicio
437 2315 625 2370 secularj
661 2316 893 2358 exactione
922 2317 990 2358 vel
1024 2317 1245 2358 demanda
1274 2330 1358 2370 que
1388 2317 1441 2358 de
1471 2316 1590 2359 dicta
1618 2323 1736 2359 terra
1766 2332 1867 2359 cum
1897 2318 2029 2372 perti-

216 2385 386 2427 nenciis
415 2385 668 2440 aliqualiter
696 2386 813 2441 exigj
846 2387 1007 2441 poterit
1035 2393 1112 2428 aut
1141 2386 1301 2440 requirj
1335 2386 1517 2428 seruitio
1547 2386 1727 2429 domino
1755 2388 1846 2442 regi
1877 2395 2029 2430 nostro

217 2455 423 2497 Predicto
441 2456 658 2498 duntaxat
677 2464 862 2511 accepto
880 2463 1107 2498 reseruato
1125 2462 1277 2498 tamen
1296 2456 1432 2498 michi
1450 2471 1528 2510 pro
1546 2463 1747 2511 tempore
1766 2472 1864 2499 meo
1883 2459 2028 2511 quoad

216 2525 368 2567 uixero
396 2526 667 2568 Patronatus
702 2528 802 2569 Iure
835 2527 920 2581 mej
956 2527 1093 2569 libero
1115 2533 1373 2568 tenemento
1407 2527 1605 2569 eiusdem
1640 2528 1700 2569 Et
1732 2534 1833 2581 post
1856 2527 2026 2569 obitum

217 2609 367 2637 meum
400 2595 500 2638 volo
533 2602 576 2638 et
608 2596 762 2638 ordino
791 2598 908 2651 quod
944 2598 1020 2638 Ius
1057 2602 1321 2650 patronatus
1354 2596 1553 2638 eiusdem
1587 2596 1833 2650 capellanie
1867 2597 2024 2651 Ioannj

215 2665 339 2719 fratrj
372 2680 471 2707 meo
500 2680 713 2720 germano
735 2673 779 2709 et
802 2667 895 2708 suis
917 2667 1153 2709 heredibus
1176 2666 1389 2708 masculis
1419 2672 1590 2720 spectet
1620 2666 1793 2722 Quibus
1823 2666 2027 2708 deficien-

215 2734 336 2777 tibus
368 2734 572 2777 richardo
604 2737 774 2778 Wauss
805 2737 896 2778 filio
927 2738 1151 2791 quondam
1185 2736 1352 2790 henricj
1388 2737 1558 2779 Wauss
1591 2742 1633 2778 et
1667 2736 1760 2778 suis
1791 2736 2027 2778 heredibus
2057 2747 2193 2783 fol.70¹

217 2805 431 2847 masculis
453 2806 568 2848 Volo
590 2805 772 2861 insuper
792 2813 835 2849 et
865 2807 1020 2849 ordino
1043 2808 1159 2861 quod
1183 2806 1219 2848 si
1241 2812 1511 2861 tempestate
1532 2806 1652 2860 ventj
1678 2805 1793 2860 ignis
1816 2812 1892 2848 aut
1915 2806 2027 2848 alias

217 2875 417 2930 predicta
442 2881 560 2918 terra
581 2876 762 2918 ruinosa
788 2877 950 2919 existat
973 2877 1329 2936 autldefectuosa
1356 2876 1400 2917 in
1427 2875 1591 2930 tegulis
1619 2876 1688 2917 vel
1715 2875 1827 2917 alias
1849 2875 2026 2929 quouis-

215 2947 348 2988 modo
381 2948 497 3000 quod
529 2960 617 2989 non
650 2947 782 2989 liceat
815 2948 957 2990 eidem
992 2948 1223 3002 capellano
1258 2948 1310 2989 de
1345 2947 1464 2989 dicta
1495 2953 1613 2988 terra
1646 2945 1896 3002 quicunque
1932 2945 2025 3002 [sic]
