2524 3418
536 342 810 399 Confirmatio
842 341 966 385 Carta
995 337 1233 382 Alexandri
1256 335 1468 393 petkarine
1499 335 1546 376 de
1576 334 1626 375 M
1630 333 1793 375 ondinz's
2002 345 2081 386 149

278 461 449 504 nenciis
470 475 548 516 pro
569 464 665 503 toto
687 463 730 501 et
753 456 926 512 integro
948 454 1067 499 dicto
1090 467 1238 497 annuo
1267 451 1442 494 redditu
1472 464 1574 492 cum
1606 446 1895 503 pertinenciis
1915 447 1984 489 vel
2007 461 2085 501 pro

279 531 428 585 aliqua
459 529 555 572 eius
585 533 712 584 parte
734 525 907 570 tociens
939 523 1145 580 quotiens
1175 521 1305 565 fuerit
1339 534 1450 575 opus
1481 517 1692 572 namandj
1722 522 1765 559 et
1794 514 2087 570 distringendi

280 616 358 657 pro
381 599 506 644 libito
529 614 606 642 sue
627 595 874 641 voluntatis
897 601 939 638 et
970 593 1300 649 assignatorum
1331 604 1512 634 suorum
1547 589 1734 631 Necnon
1758 600 1859 629 cum
1882 584 2090 628 omnibus

280 671 382 726 alijs
428 676 472 714 et
505 668 692 725 singulis
724 664 1120 711 commoditatibus
1151 661 1432 706 libertatibus
1464 656 1727 703 asiamentis
1759 662 1802 699 et
1834 654 1965 698 iustis
1997 653 2090 697 suis

281 740 568 797 pertinenciis
585 739 922 796 quibuscunque
945 737 1000 779 ad
1023 735 1192 779 dictum
1216 747 1414 777 annuum
1437 730 1659 774 redditum
1683 725 1991 784 spectantibus
2013 740 2091 768 seu

283 812 576 867 quouismodo
599 815 802 865 spectare
819 806 1104 851 valentibus
1094 820 1139 848 1n
1161 806 1360 848 futurum
1383 803 1520 846 libere
1537 800 1684 856 quiete
1707 797 1904 855 plenarie
1921 797 2092 851 integre

283 881 524 924 honorifice
556 881 667 924 bene
698 885 742 921 et
778 878 823 920 in
856 891 965 933 pace
998 876 1093 918 sine
1125 875 1275 930 aliqua
1309 871 1621 916 Reuocacione
1657 867 1983 912 reclamacione
2015 873 2091 909 aut

280 950 632 995 contradictione
674 948 761 992 mei
812 948 1026 990 heredum
1070 945 1141 988 uel
1182 944 1514 999 assignatorum
1557 954 1757 984 meorum
1799 953 1855 981 ne
1902 937 2092 981 aliorum

283 1034 648 1078 quorumcunque
689 1017 869 1061 nomine
907 1022 1060 1059 nostro
1097 1020 1174 1058 aut
1216 1029 1269 1057 ex
1305 1019 1433 1068 parte
1470 1018 1624 1054 nostra
1659 1010 1761 1053 inde
1796 1007 2012 1052 faciendis
2047 1006 2092 1049 in

280 1092 478 1134 futurum
518 1089 762 1132 Reddendo
799 1086 901 1129 inde
937 1084 1171 1129 annuatim
1208 1083 1407 1138 prefatus
1443 1080 1657 1136 magister
1690 1079 1908 1122 iohannes
1944 1083 1988 1120 et
2025 1076 2093 1119 sui

284 1158 501 1216 assignati
529 1158 665 1201 michi
697 1156 935 1200 heredibus
966 1155 1039 1198 uel
1070 1153 1314 1209 assignatis
1346 1151 1458 1194 meis
1486 1165 1624 1194 vnum
1657 1149 1888 1193 denarium
1920 1147 2091 1203 argentj

284 1245 417 1286 super
438 1229 532 1273 solo
554 1229 774 1272 dictarum
797 1233 1016 1270 terrarum
1040 1226 1093 1268 de
1116 1223 1342 1267 mondinis
1365 1224 1420 1266 ad
1441 1223 1606 1265 festum
1629 1219 1893 1276 penticostis
1915 1218 2095 1261 nomine

283 1300 383 1343 albe
405 1300 531 1342 firme
563 1298 600 1341 si
632 1304 812 1354 petatur
841 1303 1020 1340 tantum
1052 1309 1130 1351 pro
1159 1293 1281 1337 omni
1313 1293 1401 1336 alio
1431 1291 1619 1335 seruicio
1648 1289 1838 1333 seculari
1865 1288 2096 1332 exactione

284 1370 355 1413 uel
397 1370 619 1412 demanda
655 1383 740 1423 que
776 1368 830 1410 de
872 1366 991 1409 dicto
1028 1379 1178 1408 annuo
1218 1362 1393 1406 redditu
1436 1375 1538 1404 cum
1579 1359 1867 1415 pertinenciis
1907 1373 1985 1414 per
2026 1373 2096 1401 me

284 1440 470 1482 heredes
501 1438 572 1482 uel
605 1438 860 1493 assignatos
893 1451 1018 1479 meos
1050 1433 1305 1489 aliqualiter
1333 1431 1448 1487 exigj
1483 1430 1645 1486 poterit
1675 1430 1746 1472 uel
1768 1428 1929 1484 requirj
1966 1430 2026 1471 Et
2059 1427 2096 1470 si

284 1509 515 1565 contingat
538 1523 609 1552 me
631 1509 817 1551 heredes
839 1507 910 1550 uel
934 1506 1189 1561 assignatos
1211 1504 1434 1559 prefatum
1458 1501 1724 1557 magistrum
1753 1500 2002 1543 Iohannem
2025 1498 2096 1541 uel

283 1580 539 1636 assignatos
571 1594 677 1623 suos
708 1578 753 1621 in
786 1577 1071 1634 perceptione
1103 1575 1291 1631 pacifica
1323 1573 1429 1617 dicti
1462 1571 1597 1627 annuj
1632 1571 1832 1614 redditus
1864 1569 2097 1614 annuatim

286 1652 343 1693 ad
383 1650 600 1693 terminos
641 1655 837 1692 statutos
878 1647 1092 1702 impedire
1134 1645 1383 1700 inquietare
1424 1643 1495 1686 uel
1544 1642 1784 1685 molestare
1826 1640 1987 1696 Obligo
2028 1655 2099 1682 me

287 1722 473 1764 heredes
495 1727 538 1763 et
561 1720 816 1775 assignatos
838 1733 962 1761 meos
984 1718 1040 1761 ad
1073 1715 1440 1759 satisfaciendum
1472 1713 1644 1769 prefato
1673 1711 1889 1767 magistro
1908 1709 2098 1765 Iohannj

258 1798 330 1854 *et
363 1790 606 1846 assignatis
637 1790 731 1833 suis
759 1791 812 1832 de
842 1787 1020 1832 damnis
1051 1786 1259 1842 expensis
1291 1791 1334 1828 et
1366 1785 1583 1828 interesse
1617 1782 1749 1825 sicuti
1781 1783 1834 1825 de
1866 1780 2101 1837 principali

287 1876 437 1905 annuo
478 1860 653 1904 redditu
695 1860 732 1902 si
773 1859 868 1915 ipse
909 1858 994 1914 ipsi
1036 1858 1124 1902 mei
1160 1858 1374 1900 heredum
1416 1855 1488 1898 uel
1525 1853 1857 1910 assignatorum
1899 1866 2100 1895 meorum

289 1931 390 1975 dolo
413 1931 484 1975 uel
508 1931 639 1986 culpa
661 1946 746 1986 que
769 1928 1032 1973 sustinuerit
1054 1928 1126 1972 uel
1154 1926 1448 1971 sustinuerint
1470 1927 1638 1981 absque
1670 1924 1820 1980 aliqua
1842 1922 2102 1978 exceptione

287 2001 332 2044 in
357 2000 528 2045 Iudicio
550 2001 621 2044 uel
644 2008 768 2044 extra
800 2015 877 2057 per
908 2015 979 2043 me
1013 1999 1199 2043 heredes
1230 1998 1301 2041 uel
1335 1997 1590 2053 assignatos
1615 2010 1739 2039 meos
1760 1995 1806 2038 in
1828 1993 2101 2038 contrarium

288 2073 576 2127 proponenda
614 2073 675 2114 Et
712 2071 749 2114 si
785 2070 1017 2126 contingat
1055 2085 1126 2113 me
1163 2070 1349 2112 heredes
1385 2068 1456 2111 uel
1494 2067 1750 2123 assignatos
1786 2080 1911 2108 meos
1947 2070 2102 2108 contra

287 2141 488 2197 predicta
509 2141 718 2184 deuenire
746 2141 818 2184 uel
850 2146 1104 2196 presentem
1128 2145 1300 2183 cartam
1329 2137 1606 2193 confringere
1634 2136 1705 2179 uel
1738 2134 1969 2179 adnullare
1997 2148 2101 2189 quo-

287 2226 462 2267 cunque
491 2212 637 2255 colore
668 2211 740 2255 uel
772 2211 952 2267 ingenio
984 2210 1132 2266 obligo
1155 2224 1226 2252 me
1247 2209 1435 2252 heredes
1466 2222 1591 2251 meos
1613 2213 1657 2250 et
1679 2205 1934 2261 assignatos
1956 2204 2100 2260 ipsam

288 2281 582 2337 infringentes
615 2281 687 2325 uel
723 2281 1010 2325 adnullantes
1046 2282 1102 2324 ad
1144 2281 1410 2324 soluendum
1451 2279 1623 2334 prefato
1666 2275 1857 2331 Iohannj
1901 2275 1972 2319 uel
2010 2274 2102 2317 suis

288 2351 531 2407 assignatis
560 2353 778 2396 ducentas
799 2352 936 2396 libras
959 2358 1137 2394 monete
1160 2350 1306 2394 scocie
1328 2356 1571 2405 antequam
1602 2362 1752 2391 coram
1776 2346 1926 2402 aliquo
1950 2344 2102 2388 Iudice

287 2422 594 2466 ecclesiastico
616 2422 687 2465 uel
710 2421 899 2477 secularj
925 2421 1183 2477 placitando
1204 2419 1421 2463 fuerimus
1443 2417 1584 2462 auditi
1607 2417 1730 2460 nullo
1751 2414 1967 2459 Remedio
1987 2413 2102 2457 Iuris

287 2492 333 2535 in
370 2492 642 2537 contrarium
675 2494 962 2549 proponendo
997 2494 1188 2547 Insuper
1219 2505 1301 2546 ego
1333 2489 1559 2546 predictus
1595 2487 1835 2532 alexander
1865 2483 2103 2529 consencio

288 2576 368 2618 pro
399 2576 471 2605 me
502 2562 739 2605 heredibus
772 2562 884 2605 meis
906 2567 949 2605 et
972 2560 1216 2616 assignatis
1248 2566 1296 2603 ut
1330 2559 1478 2602 cultus
1500 2557 1679 2601 diuinus
1711 2555 1965 2610 ampleatur
1986 2553 2103 2608 quod

289 2632 515 2688 predictus
546 2647 724 2676 annuus
751 2632 952 2676 redditus
974 2631 1018 2674 in
1041 2632 1258 2674 honorem
1287 2629 1357 2673 dei
1387 2626 1709 2684 omnipotentis
1735 2624 1921 2668 ecclesie
1943 2623 2103 2678 imper-

289 2709 475 2758 petuum
508 2702 762 2758 assignetur
784 2704 928 2760 Quem
961 2717 1130 2746 annum
1162 2700 1386 2744 redditum
1409 2699 1556 2754 obligo
1588 2712 1660 2741 me
1691 2697 1876 2739 heredes
1898 2700 1941 2737 et
1964 2692 2102 2749 assig-

289 2778 421 2816 natos
444 2787 568 2816 meos
589 2774 760 2828 prefato
783 2772 998 2828 magistro
1023 2771 1212 2826 Iohannj
1238 2777 1281 2813 et
1304 2769 1396 2813 suis
1419 2767 1662 2824 assignatis
1685 2781 1763 2822 per
1783 2779 1940 2808 omnes
1961 2769 2103 2806 terras

290 2849 334 2886 et
357 2842 664 2898 possessiones
696 2858 821 2886 meas
852 2843 996 2886 dictas
1017 2841 1296 2885 varantizare
1328 2839 1583 2895 acquietare
1610 2843 1653 2880 et
1679 2836 2008 2891 imperpetuum
2031 2834 2103 2876 de-

288 2913 469 2956 fendere
493 2914 546 2956 In
564 2913 691 2956 cuius
712 2914 774 2956 rei
796 2913 1106 2956 testimonium
1129 2911 1233 2955 huic
1255 2909 1451 2966 presenti
1468 2914 1590 2952 carte
1608 2921 1706 2950 mee
1724 2905 1930 2960 Sigillum
1953 2917 2102 2945 meum

290 2982 517 3037 proprium
558 2989 625 3025 est
657 2996 908 3037 appensum
940 2983 1059 3038 apud
1097 2980 1322 3024 mondinis
1352 2978 1566 3022 vicesimo
1603 2975 1799 3019 secundo
1829 2973 1901 3016 die
1937 2971 2105 3015 mensis

2129 2422 2188 2457 fol.
2206 2424 2247 2456 60
2257 2421 2269 2442 ยน
