2524 3418
187 1732 242 1765 fol.
266 1734 326 1764 109
337 1731 349 1750 2

187 1819 344 1850 dominus

190 1863 359 1894 Iohannes

188 1906 295 1937 litster
312 1906 420 1948 capel-

188 1950 285 1981 lanus

185 2490 348 2531 magister

185 2533 364 2565 willelmus

185 2576 281 2608 howe

489 307 570 349 272
1015 293 1269 336 Donationes
1294 297 1368 348 per
1399 293 1639 335 willelmum
1669 293 1780 335 howe

488 409 694 452 omnibus
716 415 757 450 et
782 408 969 461 singulis
991 408 1136 450 dictus
1159 407 1365 450 dominus
1387 409 1588 450 robertus
1610 408 1758 462 bynny
1781 408 2083 462 procuratorio
2105 409 2284 452 nomine

488 493 574 532 quo
597 493 729 532 supra
751 480 787 519 A
811 493 880 519 me
913 478 1085 519 notario
1118 477 1293 531 publico
1326 477 1575 531 subscripto
1598 477 1679 531 sibj
1705 478 1795 532 fierj
1821 478 1947 532 petiit
1974 493 2156 532 presens
2177 480 2284 533 pub-

489 548 621 590 licum
656 548 1002 589 instrumentum
1037 547 1182 601 sigillo
1214 546 1348 588 etiam
1387 546 1526 600 ipsius
1559 547 1708 601 balliuj
1749 548 1982 590 roborante
2013 549 2127 590 Acta
2158 555 2284 590 erant

487 618 568 659 hec
593 631 723 671 super
746 617 888 658 solum
923 616 1175 670 huiusmodj
1211 623 1324 658 terre
1347 616 1502 657 horam
1535 616 1711 658 circiter
1742 631 1905 659 nonam
1930 623 2034 659 ante
2056 595 2285 660 meridiem

489 689 569 729 sub
593 702 709 729 anno
733 701 884 728 mense
917 687 986 728 die
1019 686 1259 729 indictione
1285 693 1327 728 et
1357 686 1619 740 pontificatu
1652 687 1810 740 quibus
1842 701 1974 741 supra
2006 686 2286 741 presentibus

487 757 647 798 ibidem
702 757 939 798 alexandro
991 756 1220 810 malysone
1271 757 1435 798 andrea
1477 756 1649 797 harrow
1690 756 1940 798 Alexandro
1981 757 2066 811 kay
2106 756 2286 799 henrico

486 827 651 880 nachty
692 833 734 867 et
776 826 987 868 vilhelmo
1030 826 1209 881 barclay
1245 826 1480 880 sergiando
1514 826 1618 880 dictj
1659 826 1784 881 burgj
1824 841 1925 868 cum
1962 826 2150 868 diuersis
2186 826 2285 869 aliis

484 895 674 938 testibus
696 897 750 937 ad
774 895 989 950 premissa
1013 895 1184 938 vocatis
1210 895 1460 950 pariterque
1486 895 1654 950 rogatis

659 1011 717 1052 Et
741 1025 821 1064 ego
845 1010 1058 1065 magister
1086 1012 1278 1053 Ioannes
1306 1011 1509 1065 kennedy
1540 1010 1768 1053 dioceseos
1799 1010 2114 1052 aberdonensis
2147 1011 2285 1054 Sacra

657 1079 922 1121 auctoritate
964 1080 1210 1134 apostolica
1251 1079 1451 1121 notarius
1493 1094 1544 1121 ac
1587 1079 1729 1122 scriba
1771 1079 2023 1122 communis
2065 1079 2190 1134 burgi
2231 1080 2285 1121 de

657 1150 874 1191 aberdene
906 1149 1135 1203 premissis
1164 1149 1370 1191 omnibus
1398 1156 1440 1191 et
1478 1149 1664 1204 singulis
1698 1149 1760 1191 sic
1791 1156 1837 1191 vt
1871 1148 2144 1204 premittitur
2174 1148 2286 1192 actis

658 1225 700 1260 et
723 1218 852 1260 factis
876 1218 1051 1273 interfuj
1079 1220 1234 1273 anue
1261 1219 1412 1261 omnia
1441 1219 1502 1261 sic
1526 1219 1620 1262 fieri
1645 1219 1734 1261 vidi
1761 1219 1869 1274 sciuj
1895 1225 1938 1261 et
1970 1219 2119 1274 audiuj
2150 1219 2214 1261 Ac
2240 1218 2284 1261 in

657 1295 808 1330 notam
833 1289 928 1343 cepi
953 1290 1022 1330 Ex
1044 1289 1203 1343 quibus
1225 1290 1309 1331 hoc
1336 1289 1562 1344 publicum
1594 1289 1941 1332 instrumentum
1969 1304 2104 1332 manu
2139 1289 2285 1332 aliena

657 1358 871 1413 scriptum
910 1359 1076 1413 confecj
1103 1359 1275 1414 signauj
1315 1366 1358 1401 et
1391 1359 1631 1414 subscripsi
1658 1359 1702 1401 in
1729 1360 1860 1402 fidem
1898 1366 1941 1402 et
1975 1359 2282 1402 testimonium

657 1428 974 1482 premissorum
999 1436 1182 1484 rogatus
1204 1435 1247 1471 et
1269 1428 1509 1484 requisitus

555 1114 596 1386 uqumfiosiqo

1265 1620 1501 1663 CXXXII.

611 1715 923 1759 ISCRETUS
949 1716 1014 1758 vir
1039 1716 1246 1759 dominus
1276 1717 1502 1759 Iohannes
1530 1717 1675 1759 litster
1696 1716 1954 1771 capellanus
1980 1715 2165 1758 ecclesie
2187 1730 2284 1770 par-

666 1786 851 1828 ochialis
888 1787 1004 1829 beati
1041 1787 1250 1841 nicholaij
1285 1788 1338 1829 de
1370 1788 1599 1829 Aberdene
1631 1794 1730 1842 post
1760 1788 1992 1829 decessum
2030 1800 2160 1828 suum
2197 1785 2283 1827 nisi

483 1863 668 1910 cogente
691 1857 958 1899 necessitate
981 1857 1147 1912 legauit
1170 1859 1392 1912 quoddam
1420 1857 1687 1900 breuiarium
1710 1857 1754 1898 in
1777 1870 2045 1911 pergameno
2068 1855 2282 1910 scriptum

480 1927 553 1980 vnj
579 1927 809 1982 capellano
839 1929 1011 1982 ydoneo
1043 1928 1247 1970 videlicet
1279 1928 1422 1982 primo
1453 1927 1785 1982 consanguineo
1817 1941 1897 1968 suo
1929 1926 1973 1967 in
2006 1926 2282 1968 sacerdotem

482 2003 686 2050 promoto
709 2011 785 2051 pro
808 2004 903 2039 toto
929 2004 1128 2052 tempore
1159 1998 1249 2040 vite
1276 2013 1353 2040 sue
1385 1997 1596 2040 residenti
1628 1997 1741 2039 infra
1773 1996 1941 2039 dictum
1974 1997 2162 2050 burgum
2194 2009 2281 2050 quo

485 2064 717 2107 deficiente
743 2065 869 2107 alteri
895 2067 1067 2121 ydoneo
1094 2067 1325 2121 capellano
1355 2073 1397 2108 et
1425 2066 1487 2108 sic
1516 2065 1768 2108 successiue
1793 2079 1879 2106 vno
1902 2064 2133 2106 decidente
2155 2063 2283 2106 alteri

485 2133 715 2187 capellano
738 2133 782 2175 in
804 2135 959 2176 eodem
983 2134 1113 2189 opido
1135 2134 1382 2177 remanenti
1411 2133 1613 2176 faciendo
1645 2133 1747 2175 inde
1778 2132 1929 2176 diuina
1962 2130 2172 2186 suffragia
2203 2145 2281 2186 pro

484 2202 627 2245 salute
650 2218 727 2245 sue
750 2210 819 2246 etc
842 2210 971 2258 prout
994 2203 1038 2245 in
1061 2204 1180 2247 dicto
1209 2204 1318 2246 libro
1340 2203 1481 2246 lacius
1502 2203 1710 2246 titulatur

1250 2394 1515 2438 CXXXIII.

484 2485 724 2589 ANNO
743 2485 911 2527 domini
934 2492 1004 2527 etc
1027 2485 1317 2540 nonagesimo
1340 2486 1534 2528 secundo
1556 2484 1775 2528 discretus
1791 2482 1857 2525 vir
1879 2481 2093 2537 magister
2109 2481 2282 2525 Willel-

650 2569 749 2596 mus
772 2554 897 2596 howe
920 2554 964 2596 in
987 2555 1201 2597 honorem
1225 2555 1294 2598 dei
1316 2554 1636 2610 omnipotentis
1661 2553 1918 2597 beatissime
1939 2551 2122 2607 virginis
2144 2550 2282 2594 marie

483 2630 551 2666 etc
575 2623 798 2665 distribuit
822 2624 937 2666 bona
959 2630 1001 2666 et
1025 2631 1288 2666 ornamenta
1305 2623 1556 2678 subscripta
1573 2624 1704 2665 modo
1727 2629 1769 2665 et
1792 2622 1952 2664 effectu
1975 2619 2281 2675 subsequenti-

483 2693 564 2734 bus
585 2691 790 2733 videlicet
812 2691 955 2734 Altari
976 2691 1166 2746 gloriose
1187 2691 1370 2746 virginis
1397 2691 1535 2734 marie
1563 2692 1616 2733 de
1644 2689 1867 2733 Abirdone
1889 2703 2025 2731 vnum
2055 2686 2282 2742 corporale

481 2774 582 2801 curn
620 2759 928 2813 choopertorio
965 2760 1017 2801 de
1053 2759 1286 2801 welleouss
1322 2758 1465 2802 Altari
1504 2759 1668 2801 Sancte
1703 2771 1819 2800 anne
1855 2756 1900 2799 in
1936 2755 2125 2799 ecclesia
2161 2753 2280 2798 beati

480 2828 689 2882 nicholaij
730 2829 782 2870 de
818 2828 1039 2872 Abirdene
1075 2843 1210 2871 vnum
1248 2829 1475 2883 corporale
1512 2843 1613 2871 cum
1648 2826 1956 2882 choopertorio
1987 2832 2035 2868 ut
2069 2839 2204 2880 supra
2237 2830 2280 2867 et

481 2897 520 2939 le
542 2897 677 2955 pokat
701 2911 800 2940 cum
823 2911 910 2941 vna
942 2898 1015 2940 fiol
1039 2898 1189 2955 phiola
1221 2904 1263 2940 et
1296 2912 1380 2941 ane
1412 2899 1633 2954 paxbrede
1654 2911 1706 2941 ac
1728 2898 1815 2939 duo
1837 2910 1976 2952 parua
2001 2893 2280 2949 manutergia
