2524 3418
579 317 796 359 Fundacz'o
826 315 1028 358 Duncanz'
1057 315 1234 357 Sclzerczr
1263 316 1319 357 ad
1348 315 1478 356 altare
1512 315 1661 356 Sancti
1691 315 1806 356 Petri
2039 316 2092 368 67

276 439 320 476 et
354 439 518 476 terram
549 433 773 487 quondam
806 430 998 486 duncanj
1033 430 1232 473 lundoris
1260 444 1313 472 ex
1344 429 1508 473 boreali
1543 430 1628 471 Pro
1659 443 1745 471 vno
1783 428 2087 471 anniuersario

279 502 466 559 singulis
491 503 620 546 annis
642 504 698 546 ad
721 516 933 557 magnum
957 501 1109 544 Altare
1132 501 1330 544 eiusdem
1353 499 1586 544 annuatim
1610 499 1874 542 celebrando
1897 515 1974 554 pro
1998 500 2086 541 illis

278 587 356 628 pro
389 573 550 628 quibus
585 588 709 616 orare
741 579 895 615 teneor
930 571 975 614 in
1011 572 1125 614 festo
1163 571 1317 615 Sancti
1355 570 1515 625 molocj
1555 571 1660 613 dum
1697 569 1845 612 vixero
1889 572 1947 612 Et
1985 576 2085 624 post

277 643 510 685 decessum
544 657 693 685 meum
730 641 821 697 Ipsi
857 648 899 684 et
934 641 1000 697 suj
1037 655 1318 684 successores
1353 639 1708 684 anniuersarium
1742 640 1971 694 solempne
2008 654 2085 693 pro

278 711 422 755 salute
440 711 588 755 anime
606 726 702 754 mee
720 711 972 754 animarum
991 717 1228 766 parentum
1248 725 1448 753 meorum
1467 709 1800 754 benefactorum
1819 715 1861 750 et
1885 708 2084 750 omnium

277 782 475 825 fidelium
498 782 808 825 defunctorum
842 781 1075 824 annuatim
1109 781 1397 824 celebrabunt
1419 779 1464 822 in
1488 779 1557 823 die
1590 779 1737 822 obitus
1760 778 1846 820 mei
1879 777 2084 820 videlicet

277 851 486 906 exequias
507 851 816 894 defunctorum
846 851 1037 894 Placebo
1059 856 1103 893 et
1126 850 1264 905 dirige
1286 850 1332 892 in
1355 855 1486 892 nocte
1517 850 1784 904 precedente
1806 854 1848 890 et
1872 847 2009 889 missa
2032 848 2086 888 de

275 928 382 965 nota
403 921 448 964 in
471 921 540 965 die
572 936 673 964 cum
700 920 918 977 trigintali
950 920 1189 964 missarum
1223 926 1437 976 sequente
1458 919 1503 962 in
1527 918 1770 963 Ebdomita
1803 918 2086 960 INSUPER

275 993 501 1036 Collector
520 1008 673 1036 eorum
696 992 929 1036 annuatim
951 1006 1086 1035 vnam
1108 991 1309 1035 tabulam
1333 1005 1465 1046 super
1497 990 1824 1032 monimentum
1853 987 2084 1030 situabunt

277 1064 482 1106 Eandem
514 1062 650 1118 pallio
682 1062 857 1106 decenti
890 1061 1145 1117 cooperient
1177 1076 1229 1104 ac
1261 1060 1501 1103 luminaria
1525 1059 1763 1102 Inuenient
1786 1065 1834 1101 ut
1858 1057 1995 1100 moris
2017 1062 2084 1098 est

275 1133 320 1176 in
352 1133 608 1177 huiusmodi
631 1132 951 1177 anniuersariis
972 1132 1345 1175 TENENDUM
1371 1131 1454 1174 ET
1478 1131 1849 1173 HABENDUM
1873 1135 2019 1171 totum
2043 1133 2086 1169 et

278 1204 483 1260 Integros
503 1209 813 1247 tenementum
836 1208 879 1246 et
902 1216 1076 1245 annuos
1101 1201 1321 1244 Redditus
1344 1200 1596 1243 antedictos
1619 1214 1720 1242 cum
1744 1198 1836 1241 suis
1865 1196 2085 1253 pertinen-

276 1273 356 1317 ciis
374 1273 557 1330 prefatis
572 1273 817 1329 Capellano
835 1272 990 1315 altaris
1005 1270 1160 1315 Sancti
1175 1271 1353 1313 Andree
1367 1269 1568 1313 bursario
1587 1275 1629 1311 et
1648 1267 1840 1311 dominis
1858 1265 2086 1321 magistris

276 1345 522 1400 capellanis
553 1351 596 1387 et
629 1343 779 1400 pueris
811 1343 914 1398 nouj
951 1342 1123 1398 collegij
1159 1340 1467 1385 abirdonensis
1497 1346 1540 1382 et
1573 1339 1666 1382 suis
1699 1337 2031 1381 successoribus
2061 1351 2086 1378 a

277 1430 348 1458 me
378 1421 422 1458 et
454 1414 691 1458 heredibus
725 1413 837 1457 meis
869 1413 914 1455 in
947 1428 1105 1468 puram
1143 1418 1186 1455 et
1223 1418 1485 1467 perpetuam
1524 1408 1823 1452 Elimosinam
1863 1402 2086 1462 Imperpe-

273 1491 402 1528 tuum
435 1487 549 1529 Cum
583 1484 791 1529 omnibus
817 1490 860 1527 et
887 1484 1075 1539 singulis
1105 1483 1284 1526 Iuribus
1312 1480 1593 1524 libertatibus
1621 1477 2016 1522 commoditatibus
2045 1485 2088 1520 et

276 1555 539 1599 asiamentis
562 1571 613 1599 ac
633 1555 772 1599 Iustis
794 1554 887 1598 suis
908 1553 1197 1610 pertinenciis
1219 1553 1558 1608 quibuscunque
1574 1549 1811 1604 vnicuique
1834 1548 1878 1591 in
1902 1548 2089 1604 singulis

275 1633 324 1669 ut
366 1641 500 1682 supra
535 1627 658 1669 Adeo
700 1625 835 1668 libere
876 1624 1073 1680 plenarie
1115 1623 1275 1679 intigre
1312 1621 1555 1665 honorifice
1586 1621 1698 1663 bene
1735 1625 1778 1662 et
1816 1618 1860 1660 in
1897 1633 2007 1673 pace
2043 1617 2088 1659 in

276 1695 484 1738 omnibus
505 1702 548 1738 et
571 1710 649 1750 per
670 1694 820 1737 omnia
843 1693 957 1736 sicut
980 1693 1129 1748 aliqua
1150 1699 1268 1735 terra
1291 1698 1334 1735 et
1357 1691 1492 1746 annuj
1521 1689 1742 1732 Redditus
1768 1687 1954 1731 ecclesie
1977 1687 2090 1729 infra

279 1766 487 1820 Regnum
525 1764 664 1808 scotie
700 1766 865 1807 dantur
901 1770 978 1806 aut
1015 1763 1301 1819 possidentur
1333 1762 1429 1804 sine
1460 1759 1753 1804 reuocacione
1788 1757 1969 1812 aliquali
2004 1758 2090 1799 IN-

278 1836 488 1878 SUPER
510 1834 625 1877 Volo
648 1835 764 1889 quod
788 1833 824 1875 si
847 1832 1010 1888 aliquis
1034 1832 1218 1876 quenis
1240 1833 1294 1874 de
1317 1831 1535 1887 sanguine
1558 1844 1657 1872 meo
1680 1827 1843 1871 habilis
1865 1828 1920 1870 ad
1944 1826 2091 1869 studia

277 1919 366 1947 non
397 1903 644 1959 reperiatur
664 1909 948 1959 presentetur
978 1902 1093 1945 alius
1125 1901 1288 1945 habilis
1317 1900 1484 1944 totiens
1517 1899 1726 1955 quotiens
1759 1899 1819 1940 Et
1841 1897 1942 1939 volo
1975 1897 2092 1951 quod

277 1975 536 2031 capellanus
568 1975 821 2030 quicunque
853 1974 910 2017 sit
944 1974 1249 2017 celebraturus
1281 1974 1337 2015 ad
1370 1972 1512 2015 altare
1549 1970 1694 2014 sancti
1735 1970 1912 2011 Andree
1944 1967 2091 2009 Aliam

277 2061 431 2089 curam
465 2061 543 2089 seu
574 2045 840 2089 beneficium
873 2059 962 2087 non
994 2044 1158 2087 habeat
1190 2043 1276 2086 nisi
1309 2042 1365 2085 sit
1399 2041 1665 2086 beneficium
1688 2039 1759 2082 uel
1782 2038 1976 2081 officium
1998 2044 2092 2080 tam

278 2117 404 2159 exilis
439 2116 603 2160 valoris
640 2117 757 2172 quod
792 2116 918 2158 Idem
952 2115 1226 2170 Capellanus
1258 2119 1406 2168 potest
1441 2112 1550 2154 illud
1587 2109 1786 2166 legitime
1818 2107 2018 2163 optinere
2050 2113 2092 2149 et

279 2187 534 2231 ministrare
570 2187 614 2229 in
651 2188 807 2230 eadem
846 2184 1109 2241 Capellania
1141 2191 1190 2227 ut
1222 2182 1519 2239 prescriptum
1553 2187 1620 2224 est
1655 2178 1965 2223 Residentiam
1999 2191 2093 2232 per-

278 2258 493 2301 sonaliter
521 2257 666 2300 facere
698 2256 743 2298 in
775 2270 893 2298 nouo
925 2254 1114 2310 collegio
1145 2260 1189 2297 et
1221 2254 1340 2308 apud
1372 2252 1560 2295 eandem
1582 2256 1629 2293 vt
1657 2263 1791 2305 supra
1818 2249 1923 2291 dum
1952 2246 2095 2301 Igitur

279 2328 446 2372 dictam
484 2326 780 2384 capellaniam
817 2327 950 2369 modo
981 2324 1182 2381 predicto
1215 2338 1293 2366 seu
1325 2337 1403 2378 per
1435 2327 1625 2365 mortem
1659 2326 1735 2363 aut
1768 2320 1823 2362 ad
1856 2316 2093 2360 seruicium

281 2397 503 2441 studentis
523 2412 577 2440 ve
599 2412 677 2452 per
698 2398 933 2440 decessum
955 2401 1032 2438 aut
1056 2393 1168 2437 alias
1190 2391 1486 2449 quouismodo
1507 2404 1667 2434 vacare
1690 2386 1957 2442 contingerit
1981 2385 2095 2427 Volo

281 2469 436 2513 ordino
459 2468 648 2512 arbitror
670 2473 712 2511 et
736 2467 933 2511 concedo
956 2467 1073 2522 quod
1096 2466 1152 2508 ad
1184 2479 1257 2506 me
1289 2477 1424 2519 quam
1451 2461 1526 2505 diu
1551 2460 1701 2504 vixero
1724 2459 1768 2501 in
1791 2456 2002 2500 humanis
2036 2456 2095 2497 Et

281 2546 381 2595 post
424 2554 574 2582 meum
616 2540 850 2582 decessum
893 2538 949 2580 ad
993 2535 1308 2578 Reuerendum
1351 2531 1583 2576 dominum
1627 2544 1776 2573 meum
1813 2526 2095 2571 Willelmum

280 2609 540 2666 episcopum
572 2610 835 2652 modernum
868 2606 1210 2651 abirdonensem
1244 2618 1379 2659 quam
1416 2602 1492 2646 diu
1523 2600 1682 2645 vixerit
1714 2600 1759 2642 in
1791 2596 2001 2640 humanis
2036 2597 2096 2637 Et

281 2686 382 2735 post
404 2686 607 2722 nostrum
633 2680 866 2722 decessum
890 2678 946 2720 ad
975 2676 1181 2719 dominos
1202 2676 1424 2717 decanum
1447 2673 1760 2728 precedentem
1784 2675 1827 2710 et
1850 2665 2095 2721 capitulum

281 2749 624 2793 abirdonensem
648 2750 708 2791 Et
727 2748 763 2790 si
786 2747 1018 2803 contingat
1041 2745 1186 2788 dictos
1207 2745 1428 2787 decanum
1446 2742 1761 2797 precedentem
1783 2743 1826 2780 et
1850 2735 2096 2791 capitulum

281 2821 338 2863 ad
370 2819 536 2862 dictam
560 2817 857 2873 capellaniam
891 2816 954 2860 sic
985 2821 1223 2859 vacantem
1257 2819 1335 2856 aut
1364 2810 1554 2866 bursarij
1580 2807 1803 2852 studentis
1823 2807 1940 2848 vltra
1962 2805 2097 2860 quad-

281 2888 459 2944 raginta
500 2888 594 2931 dies
626 2902 651 2930 a
693 2887 763 2930 die
803 2884 1287 2938 vacationisfeiusdem
1330 2881 1411 2924 eiis
1452 2880 1683 2922 notificare
1725 2882 1930 2919 cessante
1963 2889 2099 2917 causa

282 2959 483 3015 legitima
500 2960 668 3002 deferre
685 2965 793 3000 tunc
816 2955 1097 3012 presentacio
1116 2954 1233 2997 dicte
1252 2951 1500 3008 capellanie
1518 2957 1561 2993 et
1576 2948 1762 3002 bursarij
1783 2948 1839 2990 ad
1859 2948 2096 2988 Rectorem

2126 2190 2183 2223 fol.
2201 2190 2242 2224 27
