2524 3418
811 253 938 308 Regis
969 252 1010 294 E
1016 251 1169 294 einardi
1199 252 1476 294 Renzcnciatio
2032 266 2055 307 3

243 367 342 410 auie
382 367 637 411 traditionis
678 368 929 412 libertatem
972 383 1056 423 que
1097 367 1322 423 diligenda
1363 367 1491 411 nobis
1533 381 1666 423 super
1707 382 1865 411 aurum
1903 374 1970 410 est
2008 375 2051 411 et

241 437 449 492 topazion
472 452 642 492 queque
674 444 827 480 nostro
859 438 1022 480 iudicio
1052 445 1238 481 cunctas
1270 438 1400 493 longe
1434 438 1686 480 mundanas
1709 444 1752 480 et
1776 438 2056 493 incompara-

243 507 390 550 biliter
422 522 529 563 opes
565 508 840 550 transcendit
874 515 916 550 et
950 508 1121 550 infinite
1158 507 1326 550 Iocalia
1358 522 1492 562 quam
1526 508 1581 550 ab
1613 506 1740 549 initio
1779 506 2056 562 magnanimi

241 584 392 632 patres
413 577 817 621 incontaminatam
840 577 969 621 nobis
991 578 1096 633 filijs
1114 585 1157 620 et
1172 592 1310 633 vsque
1329 579 1384 621 ad
1403 584 1593 620 mortem
1617 578 1858 620 seruabant
1881 576 2056 632 egregie

242 647 459 690 Similiter
480 654 522 690 et
546 662 627 690 nos
659 648 856 703 profecto
883 662 972 690 non
1001 654 1217 702 tanquam
1248 647 1414 690 nostris
1443 646 1671 690 demeritis
1700 652 1801 702 post
1824 647 1879 689 ob
1901 661 2053 689 eorum

240 717 496 772 degenerati
519 717 765 771 natura[m]
789 719 866 760 sed
893 717 1019 772 quasi
1043 732 1225 760 suarum
1246 717 1504 760 Imitatores
1526 717 1674 772 legum
1698 716 1867 759 strenui
1889 716 2055 759 nostris

239 792 340 840 post
356 786 526 829 obitum
542 786 645 828 filiis
665 786 936 829 Inuiolatam
953 786 1234 830 seruabimus
1248 793 1290 830 et
1309 788 1475 842 absque
1491 786 1640 829 seruili
1656 800 1830 841 quoque
1845 786 2054 841 scrupulo

239 855 560 898 transferemus
592 856 758 899 Valeas
793 858 856 899 &c

1102 1056 1189 1096 III.

348 1138 652 1181 NIUERSIS
699 1144 929 1192 presentes
976 1137 1129 1179 literas
1176 1135 1444 1191 inspecturis
1494 1137 1733 1179 Eduardus
1784 1135 1853 1179 dei
1904 1136 2050 1191 gratia

405 1208 502 1249 Rex
540 1206 700 1262 Anglie
744 1206 969 1250 Dominus
1015 1206 1214 1250 hibernie
1257 1213 1300 1249 et
1342 1208 1430 1249 dux
1466 1206 1707 1262 Aquitanie
1749 1207 1952 1250 Salutem
1997 1208 2049 1249 In

235 1275 416 1319 domino
477 1277 797 1332 sempiternam
855 1278 969 1320 Cum
1027 1291 1108 1319 nos
1164 1277 1456 1332 nonnullique
1512 1277 1849 1332 predecessores
1909 1276 2049 1319 nostri

237 1347 384 1402 Reges
416 1347 563 1402 anglie
598 1349 701 1390 Iura
735 1346 986 1402 Regiminis
1020 1345 1220 1402 Dominij
1257 1361 1335 1389 seu
1369 1346 1697 1402 superioritatis
1732 1345 1874 1402 Regnj
1910 1346 2049 1389 scotie

234 1418 384 1461 conati
414 1418 629 1461 fuerimus
665 1418 866 1474 optinere
903 1419 958 1462 ob
995 1418 1079 1461 hoc
1114 1419 1230 1473 quod
1264 1424 1436 1460 motare
1468 1417 1563 1460 dira
1600 1431 1859 1472 guerrarum
1898 1415 2049 1459 discri-

233 1487 357 1531 mina
378 1489 538 1544 Anglie
561 1495 604 1532 et
628 1489 778 1532 Scotie
803 1490 961 1544 Regna
983 1488 1152 1531 diutius
1174 1488 1437 1531 afflixissent
1471 1489 1567 1530 Nos
1601 1488 1886 1530 attendentes
1919 1487 2050 1529 cedes

232 1558 480 1602 occisiones
506 1560 674 1603 scelera
703 1559 993 1602 ecclesiarum
1024 1558 1342 1602 distructiones
1367 1565 1410 1602 et
1438 1559 1558 1602 mala
1588 1556 1940 1601 Innumerabilia
1965 1571 2050 1612 que

232 1629 489 1674 huiusmodi
504 1630 740 1674 occasione
761 1644 1020 1686 guerrarum
1041 1629 1300 1685 Regnicolis
1321 1628 1551 1684 Vtriusque
1570 1627 1716 1684 Regni
1743 1626 2051 1683 multipliciter

232 1699 553 1755 contingebant
590 1699 805 1755 bonisque
843 1700 1003 1755 quibus
1041 1701 1249 1756 Regnum
1285 1706 1524 1754 Vtrumque
1561 1698 1731 1742 mutuis
1773 1696 2050 1753 compendiis

231 1769 511 1814 habundaret
553 1777 765 1826 perpetue
806 1770 930 1826 pacis
972 1770 1219 1815 stabilitate
1261 1770 1522 1814 coneximus
1563 1784 1615 1813 ac
1652 1784 1730 1825 per
1769 1769 1853 1812 hoc
1895 1760 2051 1812 contra

231 1845 421 1883 conatus
447 1839 603 1883 noxios
632 1840 866 1884 Rebellare
888 1840 958 1883 uel
985 1842 1256 1896 Impugnare
1277 1840 1523 1883 volentium
1551 1839 1738 1882 interius
1759 1839 1829 1882 vel
1856 1837 2050 1881 exterius

232 1910 389 1954 maiori
411 1910 624 1954 firmitate
648 1926 853 1954 securum
871 1911 1079 1954 volumus
1101 1918 1144 1954 et
1167 1911 1456 1955 concedimus
1479 1926 1557 1967 per
1578 1916 1809 1967 presentes
1825 1924 1904 1966 pro
1921 1909 2050 1953 nobis

231 1980 468 2026 heredibus
500 1989 543 2025 et
576 1982 910 2026 successoribus
942 1982 1108 2025 nostris
1142 1982 1481 2038 quibuscunque
1514 1983 1568 2025 de
1601 1979 1829 2024 communi
1861 1979 2048 2023 consilio

230 2066 418 2096 assensu
440 2059 484 2096 et
507 2067 728 2096 consensu
755 2053 1028 2109 prelatorum
1051 2068 1284 2109 procerum
1308 2053 1524 2097 comitum
1547 2054 1765 2097 baronum
1789 2066 1840 2095 ac
1864 2050 2048 2094 comita-

229 2129 326 2166 tum
356 2124 499 2180 Regnj
531 2125 672 2168 nostri
697 2127 749 2168 In
772 2125 1070 2181 parliamento
1092 2132 1245 2169 nostro
1278 2126 1395 2180 quod
1429 2127 1637 2181 Regnum
1662 2123 1801 2168 scotie
1833 2137 1911 2178 per
1942 2137 2047 2166 suas

232 2195 399 2237 Rectas
445 2195 670 2238 marchias
715 2202 846 2251 prout
891 2195 1169 2251 temporibus
1210 2197 1324 2239 bone
1368 2194 1582 2238 memorie
1622 2193 1862 2249 Alexandrj
1908 2192 2047 2248 Regis

229 2264 369 2307 scotie
409 2265 567 2309 vltimo
616 2266 812 2322 defunctj
856 2266 1019 2309 fuerint
1061 2266 1214 2310 habite
1255 2273 1299 2309 et
1342 2272 1518 2309 seruate
1570 2264 1810 2321 magnifico
1856 2262 2045 2319 principi

228 2334 410 2379 domino
453 2337 650 2380 Roberto
693 2336 778 2379 Dei
823 2336 969 2392 gratia
1018 2336 1130 2393 Regi
1183 2343 1410 2380 scotorum
1462 2335 1625 2378 illustri
1668 2334 1951 2378 confederato
1993 2347 2045 2376 ac

228 2406 386 2450 Amico
422 2414 575 2451 nostro
612 2407 872 2451 fidelissimo
910 2407 1090 2463 suisque
1132 2407 1370 2452 heredibus
1406 2413 1449 2450 et
1488 2405 1822 2450 successoribus
1863 2402 2044 2447 diuisim

231 2477 283 2518 In
320 2476 528 2521 omnibus
562 2492 588 2521 a
623 2479 781 2534 Regno
813 2477 973 2534 Anglie
1009 2479 1240 2534 Integrum
1270 2477 1458 2521 liberum
1496 2475 1734 2532 pacificum
1767 2479 1810 2517 et
1843 2471 2043 2528 quietum

231 2547 482 2591 Remaneat
539 2549 877 2604 Imperpetuum
930 2549 1097 2604 absque
1149 2547 1449 2604 qualicunque
1501 2544 1777 2590 subiectione
1828 2542 2044 2586 seruitute

228 2618 401 2661 clameo
451 2619 522 2662 uel
574 2621 796 2664 demanda
848 2621 909 2663 Et
962 2619 998 2662 si
1050 2619 1240 2675 quoduis
1291 2633 1373 2662 nos
1423 2617 1493 2661 vel
1545 2623 1854 2660 antecessores
1903 2611 2044 2656 nostri

225 2685 271 2730 in
296 2689 453 2744 Regno
480 2689 619 2732 scotie
653 2689 909 2733 Retroactis
939 2689 1217 2745 temporibus
1249 2687 1510 2744 petierimus
1532 2686 1604 2730 uel
1626 2683 1835 2741 petierint
1868 2681 2044 2738 quouis·

227 2759 360 2801 modo
391 2759 562 2814 prefato
591 2760 703 2815 Regi
734 2766 961 2803 scotorum
991 2759 1229 2803 heredibus
1255 2765 1298 2802 et
1326 2756 1660 2801 successoribus
1689 2754 1781 2797 suis
1812 2751 2044 2796 renuncia-

227 2840 328 2872 mus
346 2835 389 2872 et
407 2828 686 2873 demittimus
703 2845 780 2886 per
797 2836 1026 2886 presentes
1045 2831 1216 2874 Omnes
1233 2835 1384 2873 autern
1407 2826 1705 2883 obligationes
1722 2822 2045 2868 conuentiones

227 2906 270 2941 et
303 2906 435 2955 pacta
473 2899 608 2944 initas
640 2902 709 2944 vel
747 2901 859 2944 inita
897 2901 1264 2956 qualitercunque
1303 2914 1404 2943 cum
1448 2897 1614 2942 nostris
1655 2894 2043 2952 predecessoribus

2081 1149 2139 1182 fol.
2158 1151 2174 1182 1
2187 1148 2199 1169 ²
