2524 3418
458 347 536 388 142
988 332 1119 374 Carta
1149 330 1310 372 domini
1340 329 1527 371 willelmi
1550 329 1760 385 philpsone

452 455 608 492 contra
645 461 801 490 omnes
842 446 1053 489 mortales
1088 442 1467 487 varantizabimus
1503 442 1858 498 acquietabimus
1893 449 1936 486 et
1973 444 2260 488 defendemus

456 533 533 574 per
553 532 709 561 omnes
736 524 876 559 terras
898 523 941 558 et
965 514 1269 570 possessiones
1294 520 1470 556 nostras
1494 515 1552 556 Et
1576 528 1656 557 nos
1678 528 1781 557 vero
1804 514 2022 569 capellani
2046 515 2259 558 antedicti

455 589 705 644 obligamus
729 602 810 630 nos
833 594 875 629 et
901 599 1182 628 successores
1206 591 1382 627 nostros
1414 583 1459 626 in
1490 583 1688 627 vberiore
1713 584 1856 627 forma
1887 585 1943 627 ad
1966 585 2260 628 sustentanda

453 666 496 702 et
534 657 837 714 perimplenda
874 654 1024 698 omnia
1062 654 1213 697 diuina
1253 653 1461 709 suffragia
1499 653 1727 697 antedicta
1764 655 1818 696 In
1854 653 1981 696 cuius
2025 653 2087 697 rei
2137 653 2260 697 testi-

457 728 655 771 monium
689 727 804 768 hanc
840 739 986 767 meam
1020 726 1204 768 Cartam
1238 738 1338 767 mea
1369 722 1545 779 propria
1577 738 1713 767 manu
1745 723 1987 779 subscripsi
2021 725 2117 767 Nos
2156 739 2260 768 vero

456 796 673 853 capellani
695 794 1000 850 capitulariter
1027 795 1082 837 ad
1108 794 1192 836 hoc
1215 793 1471 849 congregati
1503 808 1664 848 corpus
1696 793 1879 849 capituli
1901 799 2261 848 representantes

454 882 645 911 vnacum
671 880 892 910 consensu
915 872 957 908 et
980 879 1167 908 assensu
1199 865 1283 907 hoc
1316 879 1499 920 presens
1530 864 1746 920 scriptum
1773 864 1938 908 nostris
1960 864 2261 920 Cyrographis

455 936 764 981 roborauimus
788 942 831 978 et
863 935 1211 991 approbauimus
1243 936 1360 990 apud
1392 934 1601 978 abirdene
1634 935 1789 990 quinto
1815 935 1884 979 die
1911 934 2078 978 mensis
2104 934 2258 990 marcij
2313 967 2317 970 ψ

453 1022 571 1052 anno
602 1005 770 1050 domini
808 1005 1045 1048 millesimo
1081 1004 1440 1060 quingentesimo
1460 1004 1677 1060 vigesimo
1708 1005 1846 1048 tercio
1879 1007 2042 1049 Coram
2069 1005 2261 1049 testibus

453 1076 679 1133 magistris
714 1075 915 1118 Iohanne
954 1074 1192 1118 marschell
1221 1076 1386 1118 andrea
1418 1075 1566 1118 cullan
1589 1074 1772 1118 adriano
1805 1075 2043 1118 marschell
2067 1073 2261 1119 dominis

453 1149 608 1191 thoma
645 1147 906 1201 lamyntoun
937 1144 1107 1188 valtero
1139 1144 1251 1188 blair
1286 1144 1474 1201 patricio
1511 1144 1766 1189 stevinsone
1807 1151 1851 1188 et
1893 1145 2071 1201 hugone
2111 1144 2262 1188 valcar

453 1232 556 1262 cum
578 1215 768 1260 diuersis
789 1215 889 1258 aliis

630 1357 700 1398 Ita
721 1361 789 1398 est
811 1354 991 1396 thomas
1013 1353 1237 1396 chawmer
1258 1358 1440 1395 curatus
1462 1354 1515 1396 de
1537 1352 1746 1396 abirdene
1768 1367 1904 1397 manu
1926 1352 2104 1409 propria

627 1424 835 1468 dominus
856 1424 1047 1467 andreas
1069 1423 1171 1478 culp
1193 1436 1329 1466 manu
1351 1422 1528 1478 propria

627 1494 887 1539 Willelmus
908 1493 1164 1548 philipsoun
1186 1493 1416 1548 presbyter
1436 1494 1493 1536 ad
1515 1492 1596 1536 hec
1619 1506 1756 1536 manu
1778 1491 1954 1549 propria
1975 1491 2176 1536 notarius

801 1563 1006 1619 publicus
1028 1562 1090 1605 ita
1113 1569 1180 1604 est

628 1632 836 1677 dominus
858 1632 1118 1676 Willelmus
1141 1646 1305 1686 couper
1326 1632 1381 1674 ad
1404 1631 1487 1675 hec
1511 1645 1646 1675 manu
1669 1630 1846 1687 propria

627 1703 834 1747 dominus
856 1702 989 1746 dauid
1012 1703 1181 1746 Wauss
1204 1716 1340 1745 manu
1362 1701 1539 1758 propria

628 1774 841 1830 magister
865 1773 1014 1816 Dauid
1037 1772 1233 1816 menzeis
1255 1787 1392 1816 manu
1413 1773 1590 1829 propria

628 1844 836 1888 dominus
860 1844 1086 1887 Iohannes
1109 1845 1254 1888 Waus
1276 1858 1412 1887 manu
1435 1843 1612 1899 propria

629 1917 700 1958 Ita
721 1921 789 1957 est
811 1913 945 1957 dauid
967 1913 1228 1957 nicholsone
1251 1928 1386 1958 manu
1408 1913 1587 1969 propria

627 1985 835 2028 dominus
859 1985 1085 2028 Iohannes
1108 1986 1316 2041 Cumyng
1337 1998 1473 2028 manu
1496 1984 1672 2040 propria

629 2056 838 2100 dominus
859 2056 1041 2099 thomas
1065 2055 1196 2111 bynie
1218 2069 1356 2098 manu
1377 2055 1555 2111 propria

627 2126 835 2170 dominus
856 2126 989 2169 dauid
1011 2125 1093 2169 leis
1115 2140 1251 2169 manu
1273 2125 1451 2181 propria

626 2196 834 2239 dominus
855 2195 988 2239 dauid
1012 2195 1218 2239 Lorimar
1238 2209 1375 2239 manu
1396 2193 1573 2250 propria

627 2265 835 2309 dominus
856 2266 1096 2309 alexander
1117 2267 1380 2309 robertsoun
1404 2279 1540 2308 manu
1563 2263 1740 2319 propria

628 2336 836 2379 dominus
857 2336 1074 2392 gilbertus
1096 2337 1358 2380 nicholsone
1381 2350 1516 2379 manu
1539 2334 1715 2390 propria

629 2406 838 2450 dominus
863 2407 1091 2450 Iohannes
1113 2407 1392 2463 goldsmytht
1415 2420 1552 2449 manu
1574 2403 1750 2461 propria

457 2547 555 2601 Ego
587 2545 794 2589 dominus
824 2546 1082 2590 Willelmus
1118 2546 1306 2602 philippi
1343 2545 1603 2602 capellanus
1636 2544 1847 2587 fundator
1878 2540 2133 2585 huiusmodi
2163 2540 2260 2584 fun-

455 2615 648 2659 dationis
662 2616 834 2659 ratifico
853 2619 1048 2672 approbo
1066 2625 1109 2660 et
1127 2619 1342 2660 confirmo
1360 2624 1403 2660 et
1417 2615 1631 2660 renuncio
1646 2615 1833 2658 liberum
1849 2618 2158 2656 tenementum
2173 2625 2260 2655 ser-

455 2685 564 2728 uitio
595 2686 714 2728 facto
737 2686 944 2729 omnibus
967 2687 1122 2730 diebus
1143 2688 1233 2730 vite
1256 2702 1353 2730 mee
1376 2688 1437 2729 Et
1460 2686 1754 2740 infringentes
1785 2698 1932 2726 meam
1953 2681 2259 2725 fundationem

456 2755 781 2798 maledicantur
803 2756 1116 2799 maledictione
1139 2757 1208 2800 dei
1232 2756 1552 2812 omnipotentis
1577 2754 1893 2810 Apostolorum
1916 2758 2041 2808 petro
2063 2758 2106 2794 et
2127 2750 2260 2806 paule

455 2831 498 2866 et
521 2825 851 2868 confundantur
872 2826 916 2868 in
939 2834 1139 2869 eternam

1287 2895 1511 2938 villelmus
1533 2893 1718 2949 philippj
1744 2894 1800 2936 ad
1821 2893 1903 2935 hec
1925 2904 2062 2934 manu
2084 2888 2260 2945 propria
