<?xml version="1.0" encoding="UTF-8"?>
<!DOCTYPE html PUBLIC "-//W3C//DTD XHTML 1.0 Transitional//EN"
    "http://www.w3.org/TR/xhtml1/DTD/xhtml1-transitional.dtd">
<html xmlns="http://www.w3.org/1999/xhtml" xml:lang="en" lang="en">
 <head>
  <title>
</title>
<meta http-equiv="Content-Type" content="text/html;charset=utf-8" />
  <meta name='ocr-system' content='tesseract 3.04.00' />
  <meta name='ocr-capabilities' content='ocr_page ocr_carea ocr_par ocr_line ocrx_word'/>
</head>
<body>
  <div class='ocr_page' id='page_1' title='image "./cartulariumeccle01sainuoft_0212.png"; bbox 0 0 2524 3418; ppageno 0'>
   <div class='ocr_carea' id='block_1_1' title="bbox 141 597 276 632">
    <p class='ocr_par' dir='ltr' id='par_1_1' title="bbox 141 597 276 632">
     <span class='ocr_line' id='line_1_1' title="bbox 141 597 276 632; baseline 0.015 -2"><span class='ocrx_word' id='word_1_1' title='bbox 141 600 196 630; x_wconf 81' lang='lat' dir='ltr'>fol.</span> <span class='ocrx_word' id='word_1_2' title='bbox 216 597 276 632; x_wconf 77' lang='lat'>72¹</span> 
     </span>
    </p>
   </div>
   <div class='ocr_carea' id='block_1_2' title="bbox 134 2679 272 2714">
    <p class='ocr_par' dir='ltr' id='par_1_2' title="bbox 134 2679 272 2714">
     <span class='ocr_line' id='line_1_2' title="bbox 134 2679 272 2714; baseline 0.014 -4"><span class='ocrx_word' id='word_1_3' title='bbox 134 2679 191 2711; x_wconf 86' lang='lat' dir='ltr'>fol.</span> <span class='ocrx_word' id='word_1_4' title='bbox 210 2679 272 2714; x_wconf 82' lang='lat'>72²</span> 
     </span>
    </p>
   </div>
   <div class='ocr_carea' id='block_1_3' title="bbox 440 328 1668 371">
    <p class='ocr_par' dir='ltr' id='par_1_3' title="bbox 440 328 1668 371">
     <span class='ocr_line' id='line_1_3' title="bbox 440 328 1668 371; baseline -0.002 0"><span class='ocrx_word' id='word_1_5' title='bbox 440 330 521 371; x_wconf 87' lang='lat'>180</span> <span class='ocrx_word' id='word_1_6' title='bbox 1004 330 1135 371; x_wconf 82' lang='lat' dir='ltr'>Carta</span> <span class='ocrx_word' id='word_1_7' title='bbox 1167 328 1327 369; x_wconf 85' lang='lat' dir='ltr'>domini</span> <span class='ocrx_word' id='word_1_8' title='bbox 1357 328 1487 368; x_wconf 81' lang='lat' dir='ltr'>dauid</span> <span class='ocrx_word' id='word_1_9' title='bbox 1522 328 1668 369; x_wconf 81' lang='lat' dir='ltr'>Wauss</span> 
     </span>
    </p>
   </div>
   <div class='ocr_carea' id='block_1_4' title="bbox 433 442 2238 1800">
    <p class='ocr_par' dir='ltr' id='par_1_4' title="bbox 433 442 2238 1800">
     <span class='ocr_line' id='line_1_4' title="bbox 437 442 2237 496; baseline 0 -11"><span class='ocrx_word' id='word_1_10' title='bbox 437 444 592 486; x_wconf 90' lang='lat' dir='ltr'>ordino</span> <span class='ocrx_word' id='word_1_11' title='bbox 624 444 953 486; x_wconf 88' lang='lat' dir='ltr'>distribuendas</span> <span class='ocrx_word' id='word_1_12' title='bbox 985 456 1062 496; x_wconf 91' lang='lat' dir='ltr'>per</span> <span class='ocrx_word' id='word_1_13' title='bbox 1093 456 1244 484; x_wconf 92' lang='lat' dir='ltr'>eorum</span> <span class='ocrx_word' id='word_1_14' title='bbox 1278 442 1561 483; x_wconf 87' lang='lat' dir='ltr'>collectorem</span> <span class='ocrx_word' id='word_1_15' title='bbox 1595 455 1673 495; x_wconf 92' lang='lat' dir='ltr'>pro</span> <span class='ocrx_word' id='word_1_16' title='bbox 1704 447 1904 496; x_wconf 92' lang='lat' dir='ltr'>tempore</span> <span class='ocrx_word' id='word_1_17' title='bbox 1936 443 2167 485; x_wconf 85' lang='lat' dir='ltr'>annuatim</span> <span class='ocrx_word' id='word_1_18' title='bbox 2194 450 2237 485; x_wconf 93' lang='lat' dir='ltr'>et</span> 
     </span>
     <span class='ocr_line' id='line_1_5' title="bbox 438 511 2238 567; baseline -0.001 -12"><span class='ocrx_word' id='word_1_19' title='bbox 438 513 763 567; x_wconf 88' lang='lat' dir='ltr'><strong>imperpetuum</strong></span> <span class='ocrx_word' id='word_1_20' title='bbox 800 521 844 553; x_wconf 91' lang='lat' dir='ltr'>vt</span> <span class='ocrx_word' id='word_1_21' title='bbox 883 512 1082 565; x_wconf 88' lang='lat' dir='ltr'>sequitur</span> <span class='ocrx_word' id='word_1_22' title='bbox 1116 511 1320 553; x_wconf 91' lang='lat' dir='ltr'>videlicet</span> <span class='ocrx_word' id='word_1_23' title='bbox 1358 511 1489 553; x_wconf 92' lang='lat' dir='ltr'>dictis</span> <span class='ocrx_word' id='word_1_24' title='bbox 1526 518 1679 553; x_wconf 93' lang='lat' dir='ltr'>curato</span> <span class='ocrx_word' id='word_1_25' title='bbox 1716 518 1759 553; x_wconf 92' lang='lat' dir='ltr'>et</span> <span class='ocrx_word' id='word_1_26' title='bbox 1796 511 2039 565; x_wconf 90' lang='lat' dir='ltr'>capellanis</span> <span class='ocrx_word' id='word_1_27' title='bbox 2070 519 2112 554; x_wconf 92' lang='lat' dir='ltr'>et</span> <span class='ocrx_word' id='word_1_28' title='bbox 2146 512 2238 554; x_wconf 90' lang='lat' dir='ltr'>suis</span> 
     </span>
     <span class='ocr_line' id='line_1_6' title="bbox 438 580 2237 635; baseline -0.001 -11"><span class='ocrx_word' id='word_1_29' title='bbox 438 582 769 624; x_wconf 88' lang='lat' dir='ltr'>successoribus</span> <span class='ocrx_word' id='word_1_30' title='bbox 792 596 868 635; x_wconf 92' lang='lat' dir='ltr'>pro</span> <span class='ocrx_word' id='word_1_31' title='bbox 892 580 1152 634; x_wconf 89' lang='lat' dir='ltr'>Subscripta</span> <span class='ocrx_word' id='word_1_32' title='bbox 1175 580 1311 622; x_wconf 91' lang='lat' dir='ltr'>missa</span> <span class='ocrx_word' id='word_1_33' title='bbox 1333 588 1378 622; x_wconf 94' lang='lat' dir='ltr'>vt</span> <span class='ocrx_word' id='word_1_34' title='bbox 1406 580 1680 634; x_wconf 81' lang='lat' dir='ltr'>premittitur</span> <span class='ocrx_word' id='word_1_35' title='bbox 1711 580 1974 622; x_wconf 89' lang='lat' dir='ltr'>celebranda</span> <span class='ocrx_word' id='word_1_36' title='bbox 2006 581 2237 623; x_wconf 87' lang='lat' dir='ltr'>annuatim</span> 
     </span>
     <span class='ocr_line' id='line_1_7' title="bbox 438 649 2238 692; baseline 0 0"><span class='ocrx_word' id='word_1_37' title='bbox 438 652 673 692; x_wconf 86' lang='lat' dir='ltr'>tresdecim</span> <span class='ocrx_word' id='word_1_38' title='bbox 707 665 879 692; x_wconf 91' lang='lat' dir='ltr'>marcas</span> <span class='ocrx_word' id='word_1_39' title='bbox 911 664 987 691; x_wconf 85' lang='lat' dir='ltr'>sex</span> <span class='ocrx_word' id='word_1_40' title='bbox 1019 650 1184 691; x_wconf 91' lang='lat' dir='ltr'>solidos</span> <span class='ocrx_word' id='word_1_41' title='bbox 1213 657 1255 691; x_wconf 92' lang='lat' dir='ltr'>et</span> <span class='ocrx_word' id='word_1_42' title='bbox 1289 656 1390 691; x_wconf 89' lang='lat' dir='ltr'>octo</span> <span class='ocrx_word' id='word_1_43' title='bbox 1422 650 1628 691; x_wconf 92' lang='lat' dir='ltr'>denarios</span> <span class='ocrx_word' id='word_1_44' title='bbox 1663 650 1777 691; x_wconf 88' lang='lat' dir='ltr'>Item</span> <span class='ocrx_word' id='word_1_45' title='bbox 1811 649 1977 691; x_wconf 92' lang='lat' dir='ltr'>eisdem</span> <span class='ocrx_word' id='word_1_46' title='bbox 2010 657 2163 692; x_wconf 89' lang='lat' dir='ltr'>curato</span> <span class='ocrx_word' id='word_1_47' title='bbox 2194 657 2238 692; x_wconf 94' lang='lat' dir='ltr'>et</span> 
     </span>
     <span class='ocr_line' id='line_1_8' title="bbox 438 720 2237 775; baseline 0.001 -14"><span class='ocrx_word' id='word_1_48' title='bbox 438 721 680 774; x_wconf 88' lang='lat' dir='ltr'>capellanis</span> <span class='ocrx_word' id='word_1_49' title='bbox 703 728 745 761; x_wconf 94' lang='lat' dir='ltr'>et</span> <span class='ocrx_word' id='word_1_50' title='bbox 769 720 861 762; x_wconf 93' lang='lat' dir='ltr'>suis</span> <span class='ocrx_word' id='word_1_51' title='bbox 883 720 1214 762; x_wconf 89' lang='lat' dir='ltr'>successoribus</span> <span class='ocrx_word' id='word_1_52' title='bbox 1231 734 1309 774; x_wconf 91' lang='lat' dir='ltr'>pro</span> <span class='ocrx_word' id='word_1_53' title='bbox 1326 734 1412 761; x_wconf 91' lang='lat' dir='ltr'>vno</span> <span class='ocrx_word' id='word_1_54' title='bbox 1430 720 1737 762; x_wconf 90' lang='lat' dir='ltr'>anniuersario</span> <span class='ocrx_word' id='word_1_55' title='bbox 1755 722 1871 774; x_wconf 91' lang='lat' dir='ltr'>apud</span> <span class='ocrx_word' id='word_1_56' title='bbox 1888 720 2237 775; x_wconf 91' lang='lat' dir='ltr'>suprascriptum</span> 
     </span>
     <span class='ocr_line' id='line_1_9' title="bbox 437 790 2238 845; baseline 0.002 -15"><span class='ocrx_word' id='word_1_57' title='bbox 437 790 575 830; x_wconf 91' lang='lat' dir='ltr'>altare</span> <span class='ocrx_word' id='word_1_58' title='bbox 599 790 830 831; x_wconf 87' lang='lat' dir='ltr'>annuatim</span> <span class='ocrx_word' id='word_1_59' title='bbox 854 798 896 831; x_wconf 90' lang='lat' dir='ltr'>et</span> <span class='ocrx_word' id='word_1_60' title='bbox 920 790 1247 844; x_wconf 90' lang='lat' dir='ltr'>imperpetuum</span> <span class='ocrx_word' id='word_1_61' title='bbox 1271 790 1315 831; x_wconf 92' lang='lat' dir='ltr'>in</span> <span class='ocrx_word' id='word_1_62' title='bbox 1338 790 1408 832; x_wconf 90' lang='lat' dir='ltr'>die</span> <span class='ocrx_word' id='word_1_63' title='bbox 1431 790 1575 832; x_wconf 89' lang='lat' dir='ltr'>sancti</span> <span class='ocrx_word' id='word_1_64' title='bbox 1594 790 1761 845; x_wconf 89' lang='lat' dir='ltr'>georgii</span> <span class='ocrx_word' id='word_1_65' title='bbox 1780 790 1976 832; x_wconf 90' lang='lat' dir='ltr'>martiris</span> <span class='ocrx_word' id='word_1_66' title='bbox 1993 805 2072 845; x_wconf 91' lang='lat' dir='ltr'>pro</span> <span class='ocrx_word' id='word_1_67' title='bbox 2095 791 2238 833; x_wconf 90' lang='lat' dir='ltr'>salute</span> 
     </span>
     <span class='ocr_line' id='line_1_10' title="bbox 437 858 2238 914; baseline 0.002 -16"><span class='ocrx_word' id='word_1_68' title='bbox 437 858 584 899; x_wconf 89' lang='lat' dir='ltr'>anime</span> <span class='ocrx_word' id='word_1_69' title='bbox 622 872 718 899; x_wconf 91' lang='lat' dir='ltr'>mee</span> <span class='ocrx_word' id='word_1_70' title='bbox 750 866 792 899; x_wconf 91' lang='lat' dir='ltr'>et</span> <span class='ocrx_word' id='word_1_71' title='bbox 826 859 1075 900; x_wconf 91' lang='lat' dir='ltr'>animarum</span> <span class='ocrx_word' id='word_1_72' title='bbox 1113 859 1312 901; x_wconf 90' lang='lat' dir='ltr'>omnium</span> <span class='ocrx_word' id='word_1_73' title='bbox 1351 860 1649 914; x_wconf 85' lang='lat' dir='ltr'>predictarum</span> <span class='ocrx_word' id='word_1_74' title='bbox 1688 859 2090 914; x_wconf 90' lang='lat' dir='ltr'>suprascriptarum</span> <span class='ocrx_word' id='word_1_75' title='bbox 2128 860 2238 902; x_wconf 93' lang='lat' dir='ltr'>cele-</span> 
     </span>
     <span class='ocr_line' id='line_1_11' title="bbox 437 927 2237 984; baseline 0.003 -17"><span class='ocrx_word' id='word_1_76' title='bbox 437 928 603 968; x_wconf 90' lang='lat' dir='ltr'>brando</span> <span class='ocrx_word' id='word_1_77' title='bbox 625 927 828 969; x_wconf 91' lang='lat' dir='ltr'>videlicet</span> <span class='ocrx_word' id='word_1_78' title='bbox 852 929 1035 982; x_wconf 91' lang='lat' dir='ltr'>placebo</span> <span class='ocrx_word' id='word_1_79' title='bbox 1067 936 1110 970; x_wconf 95' lang='lat' dir='ltr'>et</span> <span class='ocrx_word' id='word_1_80' title='bbox 1133 929 1270 983; x_wconf 86' lang='lat' dir='ltr'>dirige</span> <span class='ocrx_word' id='word_1_81' title='bbox 1303 929 1346 970; x_wconf 93' lang='lat' dir='ltr'>in</span> <span class='ocrx_word' id='word_1_82' title='bbox 1380 936 1509 971; x_wconf 92' lang='lat' dir='ltr'>nocte</span> <span class='ocrx_word' id='word_1_83' title='bbox 1543 929 1685 971; x_wconf 90' lang='lat' dir='ltr'>sancti</span> <span class='ocrx_word' id='word_1_84' title='bbox 1707 929 1873 984; x_wconf 89' lang='lat' dir='ltr'>georgii</span> <span class='ocrx_word' id='word_1_85' title='bbox 1896 943 1997 971; x_wconf 91' lang='lat' dir='ltr'>cum</span> <span class='ocrx_word' id='word_1_86' title='bbox 2027 929 2164 972; x_wconf 90' lang='lat' dir='ltr'>missa</span> <span class='ocrx_word' id='word_1_87' title='bbox 2186 944 2237 972; x_wconf 91' lang='lat' dir='ltr'>ac</span> 
     </span>
     <span class='ocr_line' id='line_1_12' title="bbox 437 996 2236 1053; baseline 0.003 -17"><span class='ocrx_word' id='word_1_88' title='bbox 437 1003 543 1037; x_wconf 91' lang='lat' dir='ltr'>nota</span> <span class='ocrx_word' id='word_1_89' title='bbox 580 996 622 1037; x_wconf 93' lang='lat' dir='ltr'>in</span> <span class='ocrx_word' id='word_1_90' title='bbox 660 997 729 1038; x_wconf 90' lang='lat' dir='ltr'>die</span> <span class='ocrx_word' id='word_1_91' title='bbox 767 1005 809 1039; x_wconf 91' lang='lat' dir='ltr'>et</span> <span class='ocrx_word' id='word_1_92' title='bbox 847 998 1082 1052; x_wconf 89' lang='lat' dir='ltr'>trigentale</span> <span class='ocrx_word' id='word_1_93' title='bbox 1116 1013 1193 1052; x_wconf 91' lang='lat' dir='ltr'>per</span> <span class='ocrx_word' id='word_1_94' title='bbox 1229 998 1500 1040; x_wconf 90' lang='lat' dir='ltr'>ebdomitam</span> <span class='ocrx_word' id='word_1_95' title='bbox 1543 999 1800 1041; x_wconf 88' lang='lat' dir='ltr'>immediate</span> <span class='ocrx_word' id='word_1_96' title='bbox 1838 1005 2098 1053; x_wconf 85' lang='lat' dir='ltr'>sequentem</span> <span class='ocrx_word' id='word_1_97' title='bbox 2134 1013 2236 1041; x_wconf 91' lang='lat' dir='ltr'>cum</span> 
     </span>
     <span class='ocr_line' id='line_1_13' title="bbox 437 1065 2237 1122; baseline 0.003 -17"><span class='ocrx_word' id='word_1_98' title='bbox 437 1065 687 1118; x_wconf 85' lang='lat' dir='ltr'>pulsatione</span> <span class='ocrx_word' id='word_1_99' title='bbox 711 1080 1030 1120; x_wconf 91' lang='lat' dir='ltr'>campanarum</span> <span class='ocrx_word' id='word_1_100' title='bbox 1054 1075 1096 1109; x_wconf 90' lang='lat' dir='ltr'>et</span> <span class='ocrx_word' id='word_1_101' title='bbox 1120 1067 1363 1109; x_wconf 90' lang='lat' dir='ltr'>cituatione</span> <span class='ocrx_word' id='word_1_102' title='bbox 1392 1068 1542 1110; x_wconf 92' lang='lat' dir='ltr'>tabule</span> <span class='ocrx_word' id='word_1_103' title='bbox 1575 1083 1707 1122; x_wconf 89' lang='lat' dir='ltr'>super</span> <span class='ocrx_word' id='word_1_104' title='bbox 1738 1068 2063 1110; x_wconf 91' lang='lat' dir='ltr'>monimentum</span> <span class='ocrx_word' id='word_1_105' title='bbox 2087 1082 2237 1110; x_wconf 91' lang='lat' dir='ltr'>meum</span> 
     </span>
     <span class='ocr_line' id='line_1_14' title="bbox 437 1134 2238 1192; baseline 0.003 -18"><span class='ocrx_word' id='word_1_106' title='bbox 437 1141 479 1175; x_wconf 90' lang='lat' dir='ltr'>et</span> <span class='ocrx_word' id='word_1_107' title='bbox 502 1134 682 1188; x_wconf 91' lang='lat' dir='ltr'>reliquis</span> <span class='ocrx_word' id='word_1_108' title='bbox 703 1136 928 1190; x_wconf 88' lang='lat' dir='ltr'>requisitis</span> <span class='ocrx_word' id='word_1_109' title='bbox 961 1137 1004 1178; x_wconf 91' lang='lat' dir='ltr'>in</span> <span class='ocrx_word' id='word_1_110' title='bbox 1027 1137 1344 1179; x_wconf 90' lang='lat' dir='ltr'>anniuersariis</span> <span class='ocrx_word' id='word_1_111' title='bbox 1370 1138 1556 1179; x_wconf 88' lang='lat' dir='ltr'>honeste</span> <span class='ocrx_word' id='word_1_112' title='bbox 1577 1144 1623 1179; x_wconf 91' lang='lat' dir='ltr'>vt</span> <span class='ocrx_word' id='word_1_113' title='bbox 1648 1137 1783 1179; x_wconf 92' lang='lat' dir='ltr'>moris</span> <span class='ocrx_word' id='word_1_114' title='bbox 1805 1144 1872 1179; x_wconf 90' lang='lat' dir='ltr'>est</span> <span class='ocrx_word' id='word_1_115' title='bbox 1893 1137 2050 1192; x_wconf 87' lang='lat' dir='ltr'>viginti</span> <span class='ocrx_word' id='word_1_116' title='bbox 2073 1137 2238 1179; x_wconf 89' lang='lat' dir='ltr'>solidos</span> 
     </span>
     <span class='ocr_line' id='line_1_15' title="bbox 436 1202 2237 1261; baseline 0.002 -17"><span class='ocrx_word' id='word_1_117' title='bbox 436 1202 552 1244; x_wconf 90' lang='lat' dir='ltr'>dicte</span> <span class='ocrx_word' id='word_1_118' title='bbox 586 1212 763 1246; x_wconf 92' lang='lat' dir='ltr'>monete</span> <span class='ocrx_word' id='word_1_119' title='bbox 798 1206 911 1246; x_wconf 91' lang='lat' dir='ltr'>Item</span> <span class='ocrx_word' id='word_1_120' title='bbox 945 1206 1214 1260; x_wconf 89' lang='lat' dir='ltr'>pauperibus</span> <span class='ocrx_word' id='word_1_121' title='bbox 1246 1206 1390 1260; x_wconf 87' lang='lat' dir='ltr'>magis</span> <span class='ocrx_word' id='word_1_122' title='bbox 1422 1206 1685 1261; x_wconf 88' lang='lat' dir='ltr'>degentibus</span> <span class='ocrx_word' id='word_1_123' title='bbox 1716 1206 1948 1248; x_wconf 90' lang='lat' dir='ltr'>annuatim</span> <span class='ocrx_word' id='word_1_124' title='bbox 1972 1206 2016 1247; x_wconf 92' lang='lat' dir='ltr'>in</span> <span class='ocrx_word' id='word_1_125' title='bbox 2039 1205 2109 1248; x_wconf 90' lang='lat' dir='ltr'>die</span> <span class='ocrx_word' id='word_1_126' title='bbox 2130 1205 2237 1248; x_wconf 86' lang='lat' dir='ltr'>dicti</span> 
     </span>
     <span class='ocr_line' id='line_1_16' title="bbox 436 1272 2238 1328; baseline 0.002 -16"><span class='ocrx_word' id='word_1_127' title='bbox 436 1272 727 1327; x_wconf 90' lang='lat' dir='ltr'>anniuersarij</span> <span class='ocrx_word' id='word_1_128' title='bbox 748 1273 904 1328; x_wconf 88' lang='lat' dir='ltr'>viginti</span> <span class='ocrx_word' id='word_1_129' title='bbox 927 1275 1092 1317; x_wconf 91' lang='lat' dir='ltr'>solidos</span> <span class='ocrx_word' id='word_1_130' title='bbox 1114 1276 1230 1317; x_wconf 90' lang='lat' dir='ltr'>dicte</span> <span class='ocrx_word' id='word_1_131' title='bbox 1253 1283 1430 1318; x_wconf 90' lang='lat' dir='ltr'>monete</span> <span class='ocrx_word' id='word_1_132' title='bbox 1446 1276 1651 1318; x_wconf 92' lang='lat' dir='ltr'>videlicet</span> <span class='ocrx_word' id='word_1_133' title='bbox 1669 1275 1911 1318; x_wconf 91' lang='lat' dir='ltr'>dimedium</span> <span class='ocrx_word' id='word_1_134' title='bbox 1929 1275 2046 1317; x_wconf 89' lang='lat' dir='ltr'>dicte</span> <span class='ocrx_word' id='word_1_135' title='bbox 2063 1289 2238 1317; x_wconf 89' lang='lat' dir='ltr'>summe</span> 
     </span>
     <span class='ocr_line' id='line_1_17' title="bbox 436 1340 2238 1400; baseline 0.003 -19"><span class='ocrx_word' id='word_1_136' title='bbox 436 1340 480 1381; x_wconf 93' lang='lat' dir='ltr'>in</span> <span class='ocrx_word' id='word_1_137' title='bbox 513 1342 702 1395; x_wconf 90' lang='lat' dir='ltr'>panibus</span> <span class='ocrx_word' id='word_1_138' title='bbox 734 1351 776 1385; x_wconf 92' lang='lat' dir='ltr'>et</span> <span class='ocrx_word' id='word_1_139' title='bbox 809 1345 998 1387; x_wconf 92' lang='lat' dir='ltr'>alterum</span> <span class='ocrx_word' id='word_1_140' title='bbox 1033 1346 1274 1388; x_wconf 91' lang='lat' dir='ltr'>dimedium</span> <span class='ocrx_word' id='word_1_141' title='bbox 1308 1346 1506 1388; x_wconf 91' lang='lat' dir='ltr'>eiusdem</span> <span class='ocrx_word' id='word_1_142' title='bbox 1539 1346 1583 1388; x_wconf 91' lang='lat' dir='ltr'>in</span> <span class='ocrx_word' id='word_1_143' title='bbox 1615 1346 1816 1400; x_wconf 90' lang='lat' dir='ltr'>pecuniis</span> <span class='ocrx_word' id='word_1_144' title='bbox 1836 1345 2041 1388; x_wconf 91' lang='lat' dir='ltr'>videlicet</span> <span class='ocrx_word' id='word_1_145' title='bbox 2063 1345 2238 1400; x_wconf 91' lang='lat' dir='ltr'>plakkis</span> 
     </span>
     <span class='ocr_line' id='line_1_18' title="bbox 435 1412 2237 1468; baseline 0.004 -17"><span class='ocrx_word' id='word_1_146' title='bbox 435 1416 478 1451; x_wconf 89' lang='lat' dir='ltr'>et</span> <span class='ocrx_word' id='word_1_147' title='bbox 515 1412 699 1464; x_wconf 89' lang='lat' dir='ltr'>penneis</span> <span class='ocrx_word' id='word_1_148' title='bbox 743 1414 981 1468; x_wconf 89' lang='lat' dir='ltr'>Reliquum</span> <span class='ocrx_word' id='word_1_149' title='bbox 1022 1430 1125 1457; x_wconf 87' lang='lat' dir='ltr'>vero</span> <span class='ocrx_word' id='word_1_150' title='bbox 1162 1430 1336 1457; x_wconf 91' lang='lat' dir='ltr'>summe</span> <span class='ocrx_word' id='word_1_151' title='bbox 1377 1416 1577 1458; x_wconf 90' lang='lat' dir='ltr'>omnium</span> <span class='ocrx_word' id='word_1_152' title='bbox 1614 1430 1862 1458; x_wconf 91' lang='lat' dir='ltr'>annuorum</span> <span class='ocrx_word' id='word_1_153' title='bbox 1904 1415 2156 1458; x_wconf 90' lang='lat' dir='ltr'>reddituum</span> <span class='ocrx_word' id='word_1_154' title='bbox 2193 1421 2237 1457; x_wconf 87' lang='lat' dir='ltr'>et</span> 
     </span>
     <span class='ocr_line' id='line_1_19' title="bbox 435 1479 2237 1540; baseline 0.003 -20"><span class='ocrx_word' id='word_1_155' title='bbox 435 1479 663 1522; x_wconf 91' lang='lat' dir='ltr'>firmarum</span> <span class='ocrx_word' id='word_1_156' title='bbox 686 1489 903 1525; x_wconf 90' lang='lat' dir='ltr'>terrarum</span> <span class='ocrx_word' id='word_1_157' title='bbox 928 1485 1331 1539; x_wconf 90' lang='lat' dir='ltr'>suprascriptarum</span> <span class='ocrx_word' id='word_1_158' title='bbox 1354 1485 1486 1528; x_wconf 88' lang='lat' dir='ltr'>tribui</span> <span class='ocrx_word' id='word_1_159' title='bbox 1513 1492 1555 1527; x_wconf 92' lang='lat' dir='ltr'>et</span> <span class='ocrx_word' id='word_1_160' title='bbox 1583 1485 1796 1540; x_wconf 91' lang='lat' dir='ltr'>applicari</span> <span class='ocrx_word' id='word_1_161' title='bbox 1817 1485 1918 1527; x_wconf 91' lang='lat' dir='ltr'>volo</span> <span class='ocrx_word' id='word_1_162' title='bbox 1940 1491 1983 1527; x_wconf 89' lang='lat' dir='ltr'>et</span> <span class='ocrx_word' id='word_1_163' title='bbox 2006 1484 2159 1527; x_wconf 91' lang='lat' dir='ltr'>ordino</span> <span class='ocrx_word' id='word_1_164' title='bbox 2181 1485 2237 1527; x_wconf 91' lang='lat' dir='ltr'>ad</span> 
     </span>
     <span class='ocr_line' id='line_1_20' title="bbox 435 1550 2237 1609; baseline 0.003 -20"><span class='ocrx_word' id='word_1_165' title='bbox 435 1550 761 1603; x_wconf 88' lang='lat' dir='ltr'>reparationem</span> <span class='ocrx_word' id='word_1_166' title='bbox 795 1560 836 1594; x_wconf 93' lang='lat' dir='ltr'>et</span> <span class='ocrx_word' id='word_1_167' title='bbox 870 1554 1255 1596; x_wconf 89' lang='lat' dir='ltr'>manutentionem</span> <span class='ocrx_word' id='word_1_168' title='bbox 1289 1554 1692 1609; x_wconf 88' lang='lat' dir='ltr'>suprascriptarum</span> <span class='ocrx_word' id='word_1_169' title='bbox 1724 1561 1942 1596; x_wconf 91' lang='lat' dir='ltr'>terrarum</span> <span class='ocrx_word' id='word_1_170' title='bbox 1974 1568 2076 1596; x_wconf 92' lang='lat' dir='ltr'>cum</span> <span class='ocrx_word' id='word_1_171' title='bbox 2109 1567 2237 1608; x_wconf 90' lang='lat' dir='ltr'>egere</span> 
     </span>
     <span class='ocr_line' id='line_1_21' title="bbox 434 1619 2235 1679; baseline 0.003 -20"><span class='ocrx_word' id='word_1_172' title='bbox 434 1625 476 1659; x_wconf 92' lang='lat' dir='ltr'>et</span> <span class='ocrx_word' id='word_1_173' title='bbox 519 1619 705 1662; x_wconf 88' lang='lat' dir='ltr'>deficere</span> <span class='ocrx_word' id='word_1_174' title='bbox 746 1622 1046 1677; x_wconf 90' lang='lat' dir='ltr'>contingerint</span> <span class='ocrx_word' id='word_1_175' title='bbox 1088 1638 1165 1679; x_wconf 90' lang='lat' dir='ltr'>per</span> <span class='ocrx_word' id='word_1_176' title='bbox 1206 1624 1349 1666; x_wconf 90' lang='lat' dir='ltr'>dictos</span> <span class='ocrx_word' id='word_1_177' title='bbox 1391 1631 1595 1667; x_wconf 90' lang='lat' dir='ltr'>curatum</span> <span class='ocrx_word' id='word_1_178' title='bbox 1633 1631 1676 1666; x_wconf 92' lang='lat' dir='ltr'>et</span> <span class='ocrx_word' id='word_1_179' title='bbox 1712 1624 1969 1679; x_wconf 88' lang='lat' dir='ltr'>capellanos</span> <span class='ocrx_word' id='word_1_180' title='bbox 2004 1630 2047 1666; x_wconf 88' lang='lat' dir='ltr'>et</span> <span class='ocrx_word' id='word_1_181' title='bbox 2083 1637 2235 1665; x_wconf 88' lang='lat' dir='ltr'>eorum</span> 
     </span>
     <span class='ocr_line' id='line_1_22' title="bbox 434 1687 2236 1748; baseline 0.004 -21"><span class='ocrx_word' id='word_1_182' title='bbox 434 1687 717 1732; x_wconf 87' lang='lat' dir='ltr'>collectorem</span> <span class='ocrx_word' id='word_1_183' title='bbox 754 1705 834 1746; x_wconf 90' lang='lat' dir='ltr'>pro</span> <span class='ocrx_word' id='word_1_184' title='bbox 869 1699 1069 1747; x_wconf 90' lang='lat' dir='ltr'>tempore</span> <span class='ocrx_word' id='word_1_185' title='bbox 1105 1700 1235 1748; x_wconf 89' lang='lat' dir='ltr'>prout</span> <span class='ocrx_word' id='word_1_186' title='bbox 1268 1695 1350 1736; x_wconf 92' lang='lat' dir='ltr'>deo</span> <span class='ocrx_word' id='word_1_187' title='bbox 1382 1693 1426 1736; x_wconf 92' lang='lat' dir='ltr'>in</span> <span class='ocrx_word' id='word_1_188' title='bbox 1459 1693 1529 1736; x_wconf 93' lang='lat' dir='ltr'>die</span> <span class='ocrx_word' id='word_1_189' title='bbox 1560 1693 1745 1736; x_wconf 87' lang='lat' dir='ltr'>extremi</span> <span class='ocrx_word' id='word_1_190' title='bbox 1781 1692 1939 1736; x_wconf 91' lang='lat' dir='ltr'>Iudicii</span> <span class='ocrx_word' id='word_1_191' title='bbox 1970 1693 2236 1748; x_wconf 89' lang='lat' dir='ltr'>respondere</span> 
     </span>
     <span class='ocr_line' id='line_1_23' title="bbox 433 1756 653 1800; baseline 0.009 -2"><span class='ocrx_word' id='word_1_192' title='bbox 433 1756 653 1800; x_wconf 91' lang='lat' dir='ltr'>voluerint</span> 
     </span>
    </p>
   </div>
   <div class='ocr_carea' id='block_1_5' title="bbox 602 1883 2236 2422">
    <p class='ocr_par' dir='ltr' id='par_1_5' title="bbox 602 1883 2236 2354">
     <span class='ocr_line' id='line_1_24' title="bbox 607 1883 2236 1944; baseline 0.003 -19"><span class='ocrx_word' id='word_1_193' title='bbox 607 1883 705 1926; x_wconf 94' lang='lat' dir='ltr'>Hec</span> <span class='ocrx_word' id='word_1_194' title='bbox 747 1893 813 1929; x_wconf 87' lang='lat' dir='ltr'>est</span> <span class='ocrx_word' id='word_1_195' title='bbox 845 1901 948 1930; x_wconf 91' lang='lat' dir='ltr'>vera</span> <span class='ocrx_word' id='word_1_196' title='bbox 989 1894 1032 1930; x_wconf 94' lang='lat' dir='ltr'>et</span> <span class='ocrx_word' id='word_1_197' title='bbox 1064 1887 1315 1932; x_wconf 86' lang='lat' dir='ltr'>indubitata</span> <span class='ocrx_word' id='word_1_198' title='bbox 1347 1888 1474 1944; x_wconf 91' lang='lat' dir='ltr'>copia</span> <span class='ocrx_word' id='word_1_199' title='bbox 1515 1888 1772 1944; x_wconf 90' lang='lat' dir='ltr'>principalis</span> <span class='ocrx_word' id='word_1_200' title='bbox 1804 1894 1925 1930; x_wconf 91' lang='lat' dir='ltr'>carte</span> <span class='ocrx_word' id='word_1_201' title='bbox 1956 1886 2236 1930; x_wconf 90' lang='lat' dir='ltr'>fundacionis</span> 
     </span>
     <span class='ocr_line' id='line_1_25' title="bbox 604 1954 2234 2013; baseline 0.002 -19"><span class='ocrx_word' id='word_1_202' title='bbox 604 1954 771 1996; x_wconf 91' lang='lat' dir='ltr'>domini</span> <span class='ocrx_word' id='word_1_203' title='bbox 803 1955 987 1998; x_wconf 91' lang='lat' dir='ltr'>villelmi</span> <span class='ocrx_word' id='word_1_204' title='bbox 1029 1971 1205 2012; x_wconf 90' lang='lat' dir='ltr'>cowpar</span> <span class='ocrx_word' id='word_1_205' title='bbox 1241 1957 1459 2013; x_wconf 91' lang='lat' dir='ltr'>capellani</span> <span class='ocrx_word' id='word_1_206' title='bbox 1498 1959 1612 2001; x_wconf 91' lang='lat' dir='ltr'>Cum</span> <span class='ocrx_word' id='word_1_207' title='bbox 1654 1956 1995 2012; x_wconf 89' lang='lat' dir='ltr'>agmentacione</span> <span class='ocrx_word' id='word_1_208' title='bbox 2035 1955 2234 1999; x_wconf 91' lang='lat' dir='ltr'>eiusdem</span> 
     </span>
     <span class='ocr_line' id='line_1_26' title="bbox 604 2023 2234 2079; baseline 0.002 -16"><span class='ocrx_word' id='word_1_209' title='bbox 604 2023 771 2064; x_wconf 91' lang='lat' dir='ltr'>domini</span> <span class='ocrx_word' id='word_1_210' title='bbox 803 2025 1022 2067; x_wconf 89' lang='lat' dir='ltr'>Willelmi</span> <span class='ocrx_word' id='word_1_211' title='bbox 1055 2025 1099 2067; x_wconf 90' lang='lat' dir='ltr'>in</span> <span class='ocrx_word' id='word_1_212' title='bbox 1131 2027 1286 2068; x_wconf 92' lang='lat' dir='ltr'>eadem</span> <span class='ocrx_word' id='word_1_213' title='bbox 1320 2032 1531 2068; x_wconf 93' lang='lat' dir='ltr'>contenta</span> <span class='ocrx_word' id='word_1_214' title='bbox 1563 2024 1859 2068; x_wconf 87' lang='lat' dir='ltr'>collacionata</span> <span class='ocrx_word' id='word_1_215' title='bbox 1881 2039 1958 2079; x_wconf 92' lang='lat' dir='ltr'>per</span> <span class='ocrx_word' id='word_1_216' title='bbox 1979 2039 2050 2066; x_wconf 91' lang='lat' dir='ltr'>me</span> <span class='ocrx_word' id='word_1_217' title='bbox 2072 2023 2234 2079; x_wconf 85' lang='lat' dir='ltr'>magis-</span> 
     </span>
     <span class='ocr_line' id='line_1_27' title="bbox 602 2092 2234 2148; baseline 0.001 -16"><span class='ocrx_word' id='word_1_218' title='bbox 602 2098 720 2133; x_wconf 90' lang='lat' dir='ltr'>trum</span> <span class='ocrx_word' id='word_1_219' title='bbox 755 2093 1002 2135; x_wconf 91' lang='lat' dir='ltr'>Iohannem</span> <span class='ocrx_word' id='word_1_220' title='bbox 1040 2093 1305 2136; x_wconf 91' lang='lat' dir='ltr'>nicholsoun</span> <span class='ocrx_word' id='word_1_221' title='bbox 1342 2094 1566 2136; x_wconf 91' lang='lat' dir='ltr'>notarium</span> <span class='ocrx_word' id='word_1_222' title='bbox 1603 2093 1830 2148; x_wconf 91' lang='lat' dir='ltr'>publicum</span> <span class='ocrx_word' id='word_1_223' title='bbox 1867 2092 1994 2134; x_wconf 91' lang='lat' dir='ltr'>nihill</span> <span class='ocrx_word' id='word_1_224' title='bbox 2031 2093 2234 2134; x_wconf 89' lang='lat' dir='ltr'>addendo</span> 
     </span>
     <span class='ocr_line' id='line_1_28' title="bbox 603 2160 2233 2217; baseline 0 -15"><span class='ocrx_word' id='word_1_225' title='bbox 603 2168 680 2202; x_wconf 89' lang='lat' dir='ltr'>aut</span> <span class='ocrx_word' id='word_1_226' title='bbox 703 2161 990 2204; x_wconf 92' lang='lat' dir='ltr'>diminuendo</span> <span class='ocrx_word' id='word_1_227' title='bbox 1014 2164 1130 2217; x_wconf 92' lang='lat' dir='ltr'>quod</span> <span class='ocrx_word' id='word_1_228' title='bbox 1158 2162 1264 2205; x_wconf 89' lang='lat' dir='ltr'>facti</span> <span class='ocrx_word' id='word_1_229' title='bbox 1288 2162 1592 2205; x_wconf 87' lang='lat' dir='ltr'>substanciam</span> <span class='ocrx_word' id='word_1_230' title='bbox 1616 2168 1809 2204; x_wconf 90' lang='lat' dir='ltr'>mutaret</span> <span class='ocrx_word' id='word_1_231' title='bbox 1833 2175 1912 2203; x_wconf 90' lang='lat' dir='ltr'>seu</span> <span class='ocrx_word' id='word_1_232' title='bbox 1932 2160 2122 2202; x_wconf 92' lang='lat' dir='ltr'>variaret</span> <span class='ocrx_word' id='word_1_233' title='bbox 2145 2161 2233 2203; x_wconf 90' lang='lat' dir='ltr'>Sed</span> 
     </span>
     <span class='ocr_line' id='line_1_29' title="bbox 602 2229 2234 2286; baseline 0.001 -16"><span class='ocrx_word' id='word_1_234' title='bbox 602 2231 878 2272; x_wconf 89' lang='lat' dir='ltr'>concordans</span> <span class='ocrx_word' id='word_1_235' title='bbox 901 2245 1002 2272; x_wconf 92' lang='lat' dir='ltr'>cum</span> <span class='ocrx_word' id='word_1_236' title='bbox 1025 2246 1105 2273; x_wconf 91' lang='lat' dir='ltr'>suo</span> <span class='ocrx_word' id='word_1_237' title='bbox 1132 2231 1365 2286; x_wconf 90' lang='lat' dir='ltr'>principali</span> <span class='ocrx_word' id='word_1_238' title='bbox 1392 2230 1595 2286; x_wconf 89' lang='lat' dir='ltr'>originali</span> <span class='ocrx_word' id='word_1_239' title='bbox 1617 2232 1671 2273; x_wconf 93' lang='lat' dir='ltr'>de</span> <span class='ocrx_word' id='word_1_240' title='bbox 1691 2231 1825 2273; x_wconf 93' lang='lat' dir='ltr'>verbo</span> <span class='ocrx_word' id='word_1_241' title='bbox 1847 2229 1892 2271; x_wconf 92' lang='lat' dir='ltr'>in</span> <span class='ocrx_word' id='word_1_242' title='bbox 1913 2230 2096 2272; x_wconf 91' lang='lat' dir='ltr'>verbum</span> <span class='ocrx_word' id='word_1_243' title='bbox 2118 2236 2234 2272; x_wconf 87' lang='lat' dir='ltr'>teste</span> 
     </span>
     <span class='ocr_line' id='line_1_30' title="bbox 602 2297 1373 2354; baseline 0.004 -16"><span class='ocrx_word' id='word_1_244' title='bbox 602 2297 683 2339; x_wconf 93' lang='lat' dir='ltr'>hec</span> <span class='ocrx_word' id='word_1_245' title='bbox 706 2312 805 2340; x_wconf 90' lang='lat' dir='ltr'>mea</span> <span class='ocrx_word' id='word_1_246' title='bbox 828 2299 1152 2354; x_wconf 89' lang='lat' dir='ltr'>subscriptione</span> <span class='ocrx_word' id='word_1_247' title='bbox 1174 2299 1373 2342; x_wconf 90' lang='lat' dir='ltr'>manuali</span> 
     </span>
    </p>

    <p class='ocr_par' dir='ltr' id='par_1_6' title="bbox 777 2366 2232 2422">
     <span class='ocr_line' id='line_1_31' title="bbox 777 2366 2232 2422; baseline 0 -13"><span class='ocrx_word' id='word_1_248' title='bbox 777 2368 848 2409; x_wconf 90' lang='lat' dir='ltr'>Ita</span> <span class='ocrx_word' id='word_1_249' title='bbox 865 2375 932 2409; x_wconf 93' lang='lat' dir='ltr'>est</span> <span class='ocrx_word' id='word_1_250' title='bbox 949 2368 1174 2410; x_wconf 93' lang='lat' dir='ltr'>Iohannes</span> <span class='ocrx_word' id='word_1_251' title='bbox 1191 2368 1456 2410; x_wconf 90' lang='lat' dir='ltr'>nicholsoun</span> <span class='ocrx_word' id='word_1_252' title='bbox 1478 2366 1678 2410; x_wconf 90' lang='lat' dir='ltr'>notarius</span> <span class='ocrx_word' id='word_1_253' title='bbox 1695 2366 1901 2422; x_wconf 91' lang='lat' dir='ltr'>publicus</span> <span class='ocrx_word' id='word_1_254' title='bbox 1917 2367 1974 2411; x_wconf 89' lang='lat' dir='ltr'>ad</span> <span class='ocrx_word' id='word_1_255' title='bbox 1995 2366 2078 2409; x_wconf 92' lang='lat' dir='ltr'>hec</span> <span class='ocrx_word' id='word_1_256' title='bbox 2096 2380 2232 2409; x_wconf 91' lang='lat' dir='ltr'>manu</span> 
     </span>
    </p>
   </div>
   <div class='ocr_carea' id='block_1_6' title="bbox 947 2438 1126 2493">
    <p class='ocr_par' dir='ltr' id='par_1_7' title="bbox 947 2438 1126 2493">
     <span class='ocr_line' id='line_1_32' title="bbox 947 2438 1126 2493; baseline 0.011 -14"><span class='ocrx_word' id='word_1_257' title='bbox 947 2438 1126 2493; x_wconf 92' lang='lat' dir='ltr'>propria</span> 
     </span>
    </p>
   </div>
   <div class='ocr_carea' id='block_1_7' title="bbox 501 1984 544 2255">
    <p class='ocr_par' dir='ltr' id='par_1_8' title="bbox 501 1984 544 2255">
     <span class='ocr_line' id='line_1_33' title="bbox 501 1984 544 2255; textangle 90"><span class='ocrx_word' id='word_1_258' title='bbox 501 1984 544 2255; x_wconf 54' lang='lat' dir='ltr'>mnqdefflosiqg)</span> 
     </span>
    </p>
   </div>
   <div class='ocr_carea' id='block_1_8' title="bbox 1267 2574 1407 2617">
    <p class='ocr_par' dir='ltr' id='par_1_9' title="bbox 1267 2574 1407 2617">
     <span class='ocr_line' id='line_1_34' title="bbox 1267 2574 1407 2617; baseline 0 -2"><span class='ocrx_word' id='word_1_259' title='bbox 1267 2574 1407 2617; x_wconf 91' lang='lat' dir='ltr'>XCV.</span> 
     </span>
    </p>
   </div>
   <div class='ocr_carea' id='block_1_9' title="bbox 429 2665 2232 2986">
    <p class='ocr_par' dir='ltr' id='par_1_10' title="bbox 429 2665 2232 2986">
     <span class='ocr_line' id='line_1_35' title="bbox 541 2665 2232 2709; baseline 0.001 -2"><span class='ocrx_word' id='word_1_260' title='bbox 541 2666 788 2708; x_wconf 90' lang='lat' dir='ltr'>MNIBUS</span> <span class='ocrx_word' id='word_1_261' title='bbox 815 2665 930 2708; x_wconf 91' lang='lat' dir='ltr'>hanc</span> <span class='ocrx_word' id='word_1_262' title='bbox 960 2673 1130 2709; x_wconf 89' lang='lat' dir='ltr'>cartam</span> <span class='ocrx_word' id='word_1_263' title='bbox 1152 2666 1313 2709; x_wconf 90' lang='lat' dir='ltr'>visuris</span> <span class='ocrx_word' id='word_1_264' title='bbox 1334 2667 1403 2709; x_wconf 92' lang='lat' dir='ltr'>vel</span> <span class='ocrx_word' id='word_1_265' title='bbox 1430 2665 1648 2709; x_wconf 90' lang='lat' dir='ltr'>audituris</span> <span class='ocrx_word' id='word_1_266' title='bbox 1670 2665 1877 2708; x_wconf 86' lang='lat' dir='ltr'>dominus</span> <span class='ocrx_word' id='word_1_267' title='bbox 1906 2665 2040 2708; x_wconf 91' lang='lat' dir='ltr'>dauid</span> <span class='ocrx_word' id='word_1_268' title='bbox 2062 2667 2232 2709; x_wconf 81' lang='lat' dir='ltr'>VVauss</span> 
     </span>
     <span class='ocr_line' id='line_1_36' title="bbox 603 2733 2232 2790; baseline 0 -15"><span class='ocrx_word' id='word_1_269' title='bbox 603 2734 861 2788; x_wconf 90' lang='lat' dir='ltr'>capellanus</span> <span class='ocrx_word' id='word_1_270' title='bbox 912 2742 1152 2789; x_wconf 91' lang='lat' dir='ltr'>perpetuus</span> <span class='ocrx_word' id='word_1_271' title='bbox 1199 2735 1443 2790; x_wconf 91' lang='lat' dir='ltr'>capellanie</span> <span class='ocrx_word' id='word_1_272' title='bbox 1485 2733 1651 2776; x_wconf 89' lang='lat' dir='ltr'>Altaris</span> <span class='ocrx_word' id='word_1_273' title='bbox 1693 2734 1847 2788; x_wconf 91' lang='lat' dir='ltr'>Sanctj</span> <span class='ocrx_word' id='word_1_274' title='bbox 1896 2734 2076 2789; x_wconf 88' lang='lat' dir='ltr'>martinj</span> <span class='ocrx_word' id='word_1_275' title='bbox 2120 2733 2232 2776; x_wconf 89' lang='lat' dir='ltr'>infra</span> 
     </span>
     <span class='ocr_line' id='line_1_37' title="bbox 431 2802 2232 2859; baseline 0.001 -16"><span class='ocrx_word' id='word_1_276' title='bbox 431 2803 664 2845; x_wconf 85' lang='lat' dir='ltr'>eeclesiam</span> <span class='ocrx_word' id='word_1_277' title='bbox 688 2804 776 2858; x_wconf 91' lang='lat' dir='ltr'>diuj</span> <span class='ocrx_word' id='word_1_278' title='bbox 803 2804 1009 2858; x_wconf 89' lang='lat' dir='ltr'>nicholaij</span> <span class='ocrx_word' id='word_1_279' title='bbox 1036 2806 1089 2846; x_wconf 93' lang='lat' dir='ltr'>de</span> <span class='ocrx_word' id='word_1_280' title='bbox 1111 2806 1329 2847; x_wconf 85' lang='lat' dir='ltr'>aberdene</span> <span class='ocrx_word' id='word_1_281' title='bbox 1358 2819 1435 2859; x_wconf 92' lang='lat' dir='ltr'>per</span> <span class='ocrx_word' id='word_1_282' title='bbox 1457 2805 1679 2859; x_wconf 88' lang='lat' dir='ltr'>quondam</span> <span class='ocrx_word' id='word_1_283' title='bbox 1703 2805 1815 2846; x_wconf 90' lang='lat' dir='ltr'>bone</span> <span class='ocrx_word' id='word_1_284' title='bbox 1838 2803 2049 2845; x_wconf 90' lang='lat' dir='ltr'>memorie</span> <span class='ocrx_word' id='word_1_285' title='bbox 2071 2802 2232 2858; x_wconf 88' lang='lat' dir='ltr'>magis-</span> 
     </span>
     <span class='ocr_line' id='line_1_38' title="bbox 429 2872 2231 2929; baseline 0.001 -17"><span class='ocrx_word' id='word_1_286' title='bbox 429 2878 547 2913; x_wconf 93' lang='lat' dir='ltr'>trum</span> <span class='ocrx_word' id='word_1_287' title='bbox 585 2873 808 2915; x_wconf 91' lang='lat' dir='ltr'>Thomam</span> <span class='ocrx_word' id='word_1_288' title='bbox 844 2888 979 2915; x_wconf 91' lang='lat' dir='ltr'>vauss</span> <span class='ocrx_word' id='word_1_289' title='bbox 1020 2874 1125 2915; x_wconf 91' lang='lat' dir='ltr'>olim</span> <span class='ocrx_word' id='word_1_290' title='bbox 1167 2881 1471 2929; x_wconf 90' lang='lat' dir='ltr'>precentorem</span> <span class='ocrx_word' id='word_1_291' title='bbox 1514 2873 1841 2915; x_wconf 91' lang='lat' dir='ltr'>morauiensem</span> <span class='ocrx_word' id='word_1_292' title='bbox 1882 2879 1926 2914; x_wconf 91' lang='lat' dir='ltr'>et</span> <span class='ocrx_word' id='word_1_293' title='bbox 1967 2872 2231 2915; x_wconf 87' lang='lat' dir='ltr'>canonicum</span> 
     </span>
     <span class='ocr_line' id='line_1_39' title="bbox 430 2941 2231 2986; baseline 0 -4"><span class='ocrx_word' id='word_1_294' title='bbox 430 2941 779 2984; x_wconf 90' lang='lat' dir='ltr'>aberdonensem</span> <span class='ocrx_word' id='word_1_295' title='bbox 810 2943 993 2985; x_wconf 87' lang='lat' dir='ltr'>fundate</span> <span class='ocrx_word' id='word_1_296' title='bbox 1026 2944 1241 2985; x_wconf 91' lang='lat' dir='ltr'>Eternam</span> <span class='ocrx_word' id='word_1_297' title='bbox 1264 2943 1308 2985; x_wconf 92' lang='lat' dir='ltr'>in</span> <span class='ocrx_word' id='word_1_298' title='bbox 1341 2942 1521 2986; x_wconf 89' lang='lat' dir='ltr'>domino</span> <span class='ocrx_word' id='word_1_299' title='bbox 1553 2943 1743 2986; x_wconf 89' lang='lat' dir='ltr'>salutem</span> <span class='ocrx_word' id='word_1_300' title='bbox 1777 2941 2007 2984; x_wconf 89' lang='lat' dir='ltr'>Noueritis</span> <span class='ocrx_word' id='word_1_301' title='bbox 2037 2955 2108 2983; x_wconf 91' lang='lat' dir='ltr'>me</span> <span class='ocrx_word' id='word_1_302' title='bbox 2130 2954 2231 2983; x_wconf 92' lang='lat' dir='ltr'>cum</span> 
     </span>
    </p>
   </div>
  </div>
 </body>
</html>
