2524 3418
202 1022 255 1054 sol.
280 1025 339 1054 106
350 1022 362 1042 “-“

200 1110 304 1141 Carta
321 1109 448 1151 dominj

202 1153 363 1183 Iohannis

199 1196 307 1226 &Vaus
325 1196 364 1228 de
383 1198 458 1238 xxvj

199 1249 213 1269 s
231 1240 286 1280 viij
305 1239 325 1270 d

501 291 583 344 264
1043 292 1169 334 Carta
1202 292 1360 346 dominj
1390 292 1589 334 Iohannis
1627 293 1752 336 Waus

500 407 615 459 quod
648 405 864 447 eiusmodi
898 406 950 447 lis
983 405 1124 459 primo
1157 406 1340 460 patefiat
1372 413 1415 448 et
1448 406 1684 450 manifesta
1717 407 1772 450 sit
1804 408 2014 452 fratribus
2039 409 2223 464 capituli
2253 415 2296 452 et

500 473 614 514 inter
635 474 811 514 eosdem
837 473 1081 526 corrigatur
1103 474 1184 515 sub
1207 488 1320 527 pena
1343 474 1662 528 depriuationis
1688 477 1743 517 ab
1769 475 1971 530 ingressu
1994 477 2114 532 chorj
2141 492 2295 520 secun-

499 543 602 582 dum
627 541 854 583 arbitrium
880 541 1062 594 capituli
1086 543 1280 583 secundo
1307 543 1388 584 sub
1420 557 1534 596 pena
1565 544 1618 584 de
1650 543 1844 586 dimidiis
1866 546 2144 587 communeis
2165 545 2296 588 tertio

499 611 578 651 sub
612 624 724 664 pena
756 609 1074 663 depriuationis
1107 609 1367 664 simpliciter
1398 611 1453 652 ab
1485 610 1667 652 eiisdem
1700 612 1978 654 communeis
2009 619 2052 655 et
2085 613 2179 656 sine
2206 613 2296 656 vllo

500 680 667 720 Iterum
692 679 745 720 ad
770 679 924 719 eadem
948 692 1151 731 regressu

724 747 946 788 Robertus
968 745 1254 799 elphinstoun
1277 744 1612 788 commissarius
1632 747 1852 801 generalis
1873 747 2179 792 abirdonensis

1263 928 1528 971 CXXVIII.

619 1020 866 1062 MNIBUS
898 1019 1013 1061 hanc
1047 1020 1247 1061 chartam
1280 1019 1441 1062 visuris
1471 1020 1540 1062 vel
1573 1020 1790 1063 audituris
1827 1022 2034 1065 dominus
2069 1025 2293 1068 Iohannes

673 1102 783 1130 vaus
806 1087 1063 1142 capellanus
1091 1087 1277 1129 ecclesie
1310 1088 1600 1142 parrochialis
1632 1088 1721 1143 diuj
1756 1089 1964 1145 nicholaij
1999 1092 2052 1133 de
2085 1092 2292 1136 abirdene

495 1156 695 1197 Salutem
728 1155 771 1196 in
804 1155 983 1197 domino
1016 1155 1333 1209 sempiternam
1367 1156 1480 1198 Cum
1514 1170 1669 1198 omnes
1701 1157 1919 1200 stabimus
1956 1166 2059 1202 ante
2097 1160 2290 1204 tribunal

491 1225 656 1279 dominj
683 1225 821 1278 nostrj
850 1225 984 1266 Ihesu
1018 1225 1170 1279 christj
1197 1232 1324 1279 prout
1358 1225 1401 1267 in
1435 1240 1615 1280 corpore
1647 1227 1867 1281 gessimus
1891 1229 1984 1271 siue
2007 1231 2172 1273 bonum
2196 1231 2290 1275 siue

491 1294 657 1336 malum
710 1294 926 1348 recepturj
982 1301 1024 1336 et
1086 1294 1388 1349 vnusquisque
1440 1295 1662 1350 propriam
1724 1297 1995 1352 adipiscetur
2040 1302 2288 1344 mercedem

489 1365 732 1405 secundum
766 1364 961 1406 laborem
996 1379 1124 1406 suum
1159 1365 1326 1406 Volens
1359 1364 1493 1419 igitur
1524 1365 1639 1408 diem
1673 1367 1856 1422 extremj
1891 1368 2048 1424 Iudicij
2083 1370 2288 1424 operibus

490 1432 788 1474 misericordie
830 1432 1061 1486 preuenire
1105 1432 1177 1474 Sic
1220 1440 1266 1474 vt
1319 1433 1541 1475 seminata
1592 1433 1635 1475 in
1687 1434 1815 1477 terris
1866 1436 2100 1492 multiplicj
2143 1438 2289 1481 fructu

489 1501 694 1555 colligere
726 1501 956 1542 valeamus
989 1500 1032 1541 in
1066 1500 1172 1542 celis
1210 1500 1567 1543 NOUERITIS
1605 1516 1675 1543 me
1714 1502 1857 1556 Igitur
1890 1503 1933 1545 in
1971 1504 2183 1547 honorem
2218 1507 2286 1561 dej

487 1568 808 1623 omnipotentis
830 1568 1020 1622 gloriose
1042 1567 1225 1622 virginis
1258 1568 1395 1610 marie
1427 1568 1715 1623 omniumque
1737 1569 1915 1612 celestis
1947 1571 2066 1614 curie
2097 1572 2287 1616 sciuium

487 1652 566 1692 pro
604 1638 746 1679 salute
784 1637 931 1678 anime
965 1651 1061 1679 mee
1094 1644 1328 1691 parentum
1362 1643 1404 1679 et
1438 1638 1768 1680 benefactorum
1802 1654 2000 1682 meorum
2033 1648 2076 1683 et
2112 1641 2288 1685 illorum

485 1708 683 1750 omniurn
707 1710 744 1750 A
769 1707 928 1762 quibus
950 1707 1098 1761 aliqua
1121 1708 1237 1749 bona
1262 1708 1384 1748 Iuste
1417 1714 1493 1749 aut
1528 1707 1699 1750 Iniuste
1731 1709 1864 1764 habuj
1889 1724 2062 1753 necnon
2088 1712 2288 1755 omnium

485 1778 681 1820 fidelium
719 1778 1028 1820 defunctorum
1066 1777 1241 1819 dedisse
1278 1777 1554 1820 concessisse
1591 1784 1633 1820 et
1671 1778 1715 1820 in
1752 1793 1909 1833 puram
1947 1787 1989 1822 et
2026 1788 2286 1836 perpetuam

484 1848 815 1902 eleemosynam
860 1848 1051 1889 donasse
1094 1853 1135 1889 et
1178 1847 1432 1902 assignasse
1469 1863 1642 1891 necnon
1679 1855 1831 1892 tenore
1868 1851 2142 1905 presentium
2183 1854 2287 1896 dare

484 1919 728 1959 concedere
750 1924 792 1959 et
815 1917 859 1958 in
882 1931 1040 1971 puram
1064 1924 1106 1959 et
1125 1924 1385 1972 perpetuam
1404 1918 1733 1974 eleemosynam
1752 1921 1942 1963 donasse
1965 1927 2007 1963 et
2030 1922 2284 1977 assignasse

485 2002 537 2029 ac
561 1987 682 2042 ipsas
703 1987 988 2029 donationem
1007 1987 1343 2029 concessionem
1366 1994 1409 2030 et
1433 1988 1784 2044 assignationem
1807 1989 1890 2032 hac
1914 1991 2108 2046 presentj
2129 1992 2284 2036 charta

484 2071 584 2099 mea
626 2057 914 2099 confirmasse
956 2057 1160 2099 discretis
1201 2057 1306 2099 viris
1348 2065 1501 2101 curato
1553 2065 1596 2101 et
1637 2059 1882 2114 capellanis
1923 2061 2044 2116 chorj
2097 2062 2283 2106 ecclesie

482 2127 751 2181 parochialis
783 2127 899 2181 beatj
938 2127 1114 2182 nicolaij
1149 2128 1202 2169 de
1236 2127 1443 2170 abirdene
1475 2135 1518 2170 et
1551 2129 1643 2171 suis
1675 2130 2007 2173 successoribus
2038 2132 2282 2186 capellanis

481 2197 585 2251 dictj
621 2197 741 2252 chorj
777 2204 921 2240 totum
945 2204 987 2239 et
1010 2197 1232 2252 integrum
1264 2213 1400 2241 vnum
1434 2213 1633 2241 annuum
1665 2199 1886 2242 redditum
1912 2200 2150 2255 vigintisex
2181 2201 2281 2244 soli-

480 2270 635 2311 dorum
678 2275 720 2311 et
763 2275 863 2310 octo
914 2268 1194 2310 denariorum
1242 2269 1411 2311 vsualis
1462 2276 1640 2312 monete
1689 2270 1811 2325 regnj
1859 2270 1997 2312 scotie
2047 2271 2280 2313 annuatim

480 2339 720 2380 leuandum
757 2345 800 2379 et
837 2338 1170 2392 percipiendum
1208 2340 1262 2381 de
1295 2345 1391 2381 tota
1423 2345 1465 2381 et
1497 2339 1671 2394 integra
1703 2345 1820 2382 terra
1852 2354 1952 2382 mea
1984 2339 2203 2382 anteriore
2236 2346 2280 2383 et

480 2408 608 2450 horto
639 2408 838 2450 eiusdem
872 2423 973 2450 cum
1007 2408 1099 2450 suis
1130 2408 1410 2462 pertinentiis
1449 2411 1630 2451 Iacente
1666 2408 1779 2451 infra
1815 2409 1983 2451 dictum
2015 2411 2203 2464 burgum
2235 2409 2280 2452 in

478 2477 575 2519 vico
613 2477 815 2520 inferiore
852 2478 1037 2520 ecclesie
1080 2478 1186 2533 dictj
1221 2479 1347 2534 burgj
1393 2479 1508 2521 inter
1543 2486 1706 2522 terram
1743 2479 1905 2522 roberti
1940 2494 2048 2535 gray
2081 2494 2134 2522 ex
2169 2480 2282 2523 occi-

480 2548 645 2601 dentalj
671 2562 723 2589 ex
753 2562 840 2590 vna
871 2555 1036 2590 terram
1069 2548 1224 2591 altaris
1251 2548 1345 2592 siue
1378 2549 1624 2604 capellanie
1657 2550 1786 2592 beate
1817 2550 2001 2592 barbare
2022 2549 2206 2604 virginis
2228 2564 2280 2592 ex

480 2616 682 2670 orientalj
722 2616 922 2671 partibus
954 2618 1009 2660 ab
1041 2617 1182 2660 altera
1219 2632 1502 2660 communem
1534 2618 1652 2660 viam
1687 2618 1854 2673 regiam
1886 2633 2040 2661 versus
2076 2625 2278 2661 austrum

482 2692 523 2726 et
566 2685 744 2727 hortum
787 2688 1010 2740 quondam
1054 2687 1227 2742 patricij
1271 2689 1356 2730 vod
1396 2703 1551 2730 versus
1597 2690 1774 2730 boream
1821 2688 2190 2732 TENENDUM
2233 2695 2276 2732 et

483 2754 737 2796 habendum
779 2761 923 2796 totum
966 2762 1008 2797 et
1050 2755 1271 2811 integrum
1323 2757 1491 2799 dictum
1539 2771 1737 2800 annuum
1779 2758 2001 2800 redditum
2041 2757 2279 2812 vigintisex

486 2823 726 2865 solidorum
759 2831 801 2866 et
833 2832 933 2867 octo
965 2827 1245 2869 denariorum
1279 2835 1455 2869 monete
1487 2828 1710 2870 antedicte
1742 2843 1843 2870 cum
1877 2828 1968 2870 suis
1999 2827 2279 2882 pertinentiis

485 2893 667 2949 prefatis
688 2901 841 2937 curato
865 2902 906 2936 et
929 2896 1172 2953 capellanis
1193 2904 1235 2939 et
1259 2912 1410 2940 eorum
1434 2898 1764 2940 successoribus
1791 2898 2033 2954 capellanis
2055 2897 2280 2954 perpetuis
