2524 3418
584 304 857 359 Confirmatio
888 303 1031 346 Iacobi
1061 302 1214 344 huntar
1243 302 1290 344 de
1322 306 1430 344 terra
1460 301 1764 357 capellanorum
1995 299 2077 354 267

270 418 468 461 futurum
501 419 635 461 libere
669 420 815 473 quiete
848 419 1044 473 plenarie
1077 418 1246 472 integre
1269 417 1510 459 honorifice
1542 417 1653 458 bene
1685 421 1727 457 et
1760 413 1804 456 in
1838 429 1947 469 pace
1981 414 2075 456 sine

274 487 593 543 impedimento
635 490 866 531 obstaculo
908 496 984 531 aut
1026 488 1309 530 reuocatione
1359 487 1694 541 quibuscunque
1737 484 1823 526 mei
1865 485 2076 526 heredum

274 571 474 598 meorum
508 557 837 612 assignatorum
877 572 954 598 seu
991 557 1179 598 aliorum
1213 569 1579 610 quorumcunque
1618 553 1942 596 FACIENDO
1976 552 2078 593 inde

274 625 506 667 annuatim
545 640 752 680 supremo
790 625 970 667 domino
1007 631 1160 666 nostro
1197 623 1288 677 regi
1325 630 1368 665 et
1406 623 1497 664 suis
1535 621 1866 664 suecessoribus
1903 620 2080 674 regibus

275 693 414 735 scotie
451 693 683 735 seruitium
723 693 988 748 burgagium
1027 692 1128 735 inde
1166 692 1364 734 debitum
1403 698 1445 733 et
1484 697 1746 732 consuetum
1786 690 1911 731 NEC
1948 689 2077 730 NON

274 762 497 803 reddendo
521 761 622 803 inde
646 762 877 804 annuatim
898 761 1044 803 dictus
1062 762 1251 802 andreas
1270 759 1336 801 sui
1360 760 1544 801 heredes
1567 765 1608 800 et
1632 757 1848 812 assignati
1872 756 2082 812 predictis

276 830 520 883 capellanis
543 829 664 884 chorj
690 829 876 872 ecclesie
906 828 1175 883 parochialis
1202 827 1292 870 diui
1316 827 1508 881 nicholaj
1535 828 1587 868 de
1611 825 1835 868 abirdeine
1858 839 2082 867 summam

275 897 409 938 trium
444 897 653 939 librarum
679 912 754 939 sex
777 897 1018 939 solidorum
1043 903 1085 938 et
1109 903 1209 938 octo
1237 895 1517 937 denariorum
1550 895 1718 936 vsualis
1751 901 1928 936 monete
1961 893 2084 948 regni

278 965 416 1007 scotie
454 967 509 1007 ad
547 967 658 1007 duos
695 965 799 1008 anni
836 965 1052 1007 terminos
1088 964 1266 1006 vsuales
1302 963 1575 1017 penticostes
1611 962 1816 1004 videlicet
1855 968 1897 1004 et
1940 961 2084 1004 sancti

278 1033 458 1075 martini
481 1033 524 1075 in
548 1034 694 1075 hieme
717 1049 794 1088 per
815 1034 996 1087 equales
1029 1034 1140 1074 duas
1173 1031 1343 1073 medias
1370 1030 1596 1085 portiones
1626 1030 1806 1071 nomine
1828 1030 2086 1071 fewdifirme

277 1102 476 1145 Tantum
500 1118 577 1157 pro
601 1103 721 1145 omni
745 1103 831 1145 alio
850 1118 980 1158 onere
1000 1102 1180 1144 seruitio
1200 1101 1387 1143 seculari
1411 1100 1641 1143 exactione
1664 1115 1740 1142 seu
1759 1101 1981 1142 demanda
2004 1114 2088 1153 que

280 1174 333 1214 de
370 1173 569 1227 predicta
601 1180 720 1215 terra
752 1173 972 1215 anteriore
1006 1187 1107 1214 cum
1145 1170 1426 1226 pertinentiis
1458 1170 1712 1225 aliqualiter
1743 1169 1856 1224 exigi
1895 1169 2089 1224 poterint

280 1249 356 1284 aut
389 1243 552 1297 requiri
586 1243 668 1284 ET
703 1244 830 1285 EGO
865 1243 1038 1285 VERO
1072 1242 1269 1296 prefatus
1297 1242 1487 1283 Iacobus
1516 1241 1681 1282 huntar
1710 1240 1896 1281 heredes
1929 1239 2015 1281 mei
2047 1244 2090 1280 et

281 1311 497 1366 assignati
530 1318 673 1354 totam
712 1319 755 1354 et
793 1312 1014 1366 integram
1047 1311 1292 1366 predictam
1325 1317 1490 1351 terram
1524 1308 1791 1351 anteriorem
1827 1323 1928 1350 cum
1961 1307 2092 1362 perti-

282 1379 447 1421 nentiis
488 1380 659 1434 prefato
706 1381 869 1422 andree
920 1380 1086 1421 huntar
1128 1379 1220 1421 suis
1261 1378 1497 1420 heredibus
1539 1384 1581 1419 et
1624 1377 1866 1431 assignatis
1908 1377 2091 1419 liberam

284 1450 538 1490 Immunem
562 1455 604 1490 et
628 1455 915 1491 exoneratam
939 1450 994 1491 ab
1017 1448 1137 1490 omni
1161 1447 1430 1490 alienatione
1453 1446 1735 1488 assedatione
1754 1461 1902 1488 annuo
1920 1445 2093 1487 redditu

283 1517 408 1560 vitali
431 1517 604 1560 redditu
628 1525 670 1560 et
694 1533 824 1560 onere
848 1533 1112 1573 quocunque
1139 1519 1337 1572 (dempta
1366 1516 1565 1571 predicta
1593 1516 1861 1566 feudifirma)
1888 1515 1931 1556 in
1956 1514 2095 1556 omni-

287 1587 369 1629 bus
387 1593 430 1628 et
453 1601 529 1641 per
546 1586 696 1628 omnia
717 1587 860 1629 forma
882 1587 1047 1641 pariter
1069 1593 1112 1628 et
1136 1587 1295 1628 effectu
1312 1592 1358 1627 vt
1382 1584 1649 1639 premissum
1673 1590 1739 1625 est
1763 1590 1918 1626 contra
1941 1597 2096 1625 omnes

287 1656 499 1697 mortales
534 1656 914 1698 varantizabimus
956 1655 1311 1709 acquietabimus
1353 1661 1395 1696 et
1438 1654 1765 1708 imperpetuum
1809 1653 2097 1694 defendemus

288 1725 495 1767 omnibus
517 1727 617 1768 dolo
641 1733 683 1768 et
705 1727 858 1768 fraude
882 1726 1068 1768 seclusis
1093 1727 1157 1767 IN
1185 1726 1379 1768 CUIUS
1405 1726 1514 1766 REI
1545 1723 1853 1766 testimonium
1878 1722 1980 1765 huic
2004 1737 2098 1777 pre-

289 1794 404 1836 senti
427 1801 547 1836 carte
575 1810 671 1836 mee
702 1794 1027 1849 subscriptione
1057 1809 1157 1836 mea
1187 1792 1387 1835 manuali
1409 1799 1455 1834 vt
1485 1792 1598 1834 infra
1628 1791 1876 1845 subscripte
1902 1790 2098 1845 sigillum

290 1877 440 1904 meum
475 1863 700 1917 proprium
737 1864 953 1916 Necnon
988 1862 1184 1917 sigillum
1220 1861 1494 1904 honorabilis
1527 1860 1608 1902 viri
1643 1859 1871 1902 alexandri
1902 1859 2101 1901 chalmer

288 1930 419 1972 vnius
451 1931 717 1973 balliuorum
747 1931 854 1973 dicti
883 1931 1009 1985 burgi
1039 1946 1089 1973 ac
1120 1930 1287 1972 datoris
1316 1929 1571 1971 huiusmodi
1601 1929 1752 1980 sasine
1776 1935 1879 1970 sunt
1903 1942 2102 1983 appensa

291 2001 422 2054 Apud
444 1999 653 2042 abirdene
677 1999 867 2054 septimo
890 2000 959 2041 die
983 1999 1150 2041 mensis
1175 1998 1275 2053 Iulij
1302 2013 1420 2040 anno
1443 1997 1610 2039 domini
1634 1996 1872 2039 millesimo
1890 1996 2102 2050 quingen-

291 2067 452 2110 tesimo
476 2068 807 2123 septuagesimo
831 2074 989 2123 quarto
1012 2082 1161 2110 coram
1188 2066 1379 2109 testibus
1403 2066 1566 2108 Iacobo
1591 2065 1703 2107 ewin
1727 2065 1965 2107 alexandro
1990 2065 2102 2106 ewin

2111 830 2168 863 fol.
2191 829 2275 863 1072

294 2138 462 2179 Ioanne
480 2138 769 2179 robertsoune
791 2136 961 2178 iuniore
978 2137 1217 2178 alexandro
1235 2135 1497 2190 malysoune
1514 2134 1808 2188 burgensibus
1826 2136 1878 2176 de
1896 2134 2105 2177 abirdene
2166 2168 2176 2175 .

295 2205 511 2260 magistro
555 2207 722 2247 Ioanne
763 2205 926 2247 fulfurd
971 2205 1160 2259 gilberto
1206 2204 1354 2246 kintor
1397 2203 1632 2258 sergiando
1681 2203 1909 2258 magistris
1949 2203 2105 2245 thoma

296 2274 531 2333 malysoun
562 2280 604 2315 et
636 2275 805 2315 Ioanne
828 2274 1032 2328 kennedy
1061 2272 1247 2315 notariis
1277 2272 1466 2327 publicis
1496 2287 1597 2314 cum
1626 2271 1814 2314 diuersis
1836 2272 1935 2314 aliis
1959 2273 2019 2314 Et
2043 2272 2105 2314 sic

298 2344 593 2386 subscribitur
620 2345 769 2386 Iames
802 2344 968 2386 huntar
999 2343 1190 2385 cultuler
1220 2348 1280 2384 wt
1313 2357 1388 2397 my
1419 2342 1539 2384 hand
1572 2348 1617 2384 at
1648 2356 1701 2397 ye
1733 2356 1818 2397 pen
1851 2342 1936 2384 hed
1969 2343 2021 2384 be
2052 2356 2106 2396 ye

299 2413 443 2455 Notar
473 2415 612 2455 vnder
641 2414 819 2456 wrettin
853 2421 897 2456 at
933 2429 1007 2469 my
1039 2414 1278 2455 command
1313 2415 1382 2455 Ita
1415 2419 1482 2454 est
1515 2412 1730 2467 magister
1760 2413 1940 2454 thomas
1969 2412 2107 2466 maly-

300 2497 438 2525 soune
461 2484 662 2526 notarius
685 2485 890 2539 publicus
913 2486 966 2526 de
990 2484 1170 2539 specialj
1192 2485 1406 2525 mandato
1425 2483 1531 2525 dicti
1557 2483 1708 2525 Iacobi
1732 2483 1897 2525 huntar
1919 2482 2108 2524 scribere

300 2551 539 2594 nessientis
562 2568 698 2595 manu
721 2554 899 2608 propria
923 2553 1366 2609 QUAMQUIDEM
1399 2559 1569 2594 cartam
1600 2551 1884 2594 alienationis
1907 2566 1984 2593 seu
2006 2565 2109 2592 ven-

301 2620 482 2662 ditionis
520 2621 870 2676 suprainsertam
908 2622 952 2663 in
990 2621 1197 2663 omnibus
1235 2621 1327 2662 suis
1363 2620 1542 2675 punctis
1579 2627 1622 2662 et
1660 2620 1861 2675 partibus
1898 2620 2112 2662 clausulis

302 2689 631 2731 conditionibus
653 2696 695 2731 et
720 2689 1078 2732 circumstanciis
1111 2689 1412 2744 approbamus
1444 2688 1721 2730 ratificamus
1743 2695 1785 2730 et
1809 2703 1887 2743 pro
1914 2688 2042 2730 nobis
2069 2694 2111 2730 et

303 2757 635 2799 successoribus
671 2758 836 2800 nostris
869 2773 946 2813 pro
979 2764 1192 2813 perpetuo
1235 2757 1568 2800 Confirmamus
1600 2771 1678 2811 per
1708 2763 1937 2811 presentes
1971 2757 2113 2799 PRO-

309 2827 456 2869 UISO
494 2833 647 2869 tamen
690 2829 805 2882 quod
849 2828 884 2870 si
927 2828 1158 2882 contingat
1201 2827 1369 2869 dictum
1408 2828 1619 2869 andream
1663 2842 1768 2869 suos
1810 2827 1995 2869 heredes
2037 2834 2113 2869 aut

309 2895 562 2950 assignatos
585 2896 771 2938 deficere
795 2897 839 2937 in
863 2896 1089 2938 solucione
1113 2896 1229 2938 dicte
1253 2910 1427 2937 summe
1459 2895 1653 2949 quinque
1686 2909 1935 2937 mercarum
1968 2910 2115 2938 annue
