2524 3418
152 1216 208 1248 sol.
229 1214 288 1250 73ยน

454 330 532 372 182
1052 331 1238 372 Donatio
1268 329 1424 371 henrici
1454 329 1500 370 de
1531 328 1653 383 leytht

451 445 595 499 sanctj
621 446 798 500 martinj
824 446 867 487 in
891 459 1017 500 yeme
1040 459 1116 499 per
1139 444 1318 498 equales
1342 443 1510 485 medias
1538 442 1769 497 porciones
1797 441 1976 483 nomine
2004 441 2250 484 feudifirme

448 528 535 555 vna
558 529 657 555 cum
683 514 1007 555 sustentatione
1030 521 1071 554 et
1095 512 1373 566 reparatione
1400 511 1516 552 dicte
1541 517 1654 552 terre
1677 524 1754 551 seu
1777 509 2019 562 tenementj
2045 508 2089 550 in
2112 508 2250 563 parie-

449 583 567 624 tibus
589 590 707 624 tecto
729 591 772 624 et
795 583 894 624 aliis
917 582 1252 636 quibuscunque
1281 580 1544 622 necessariis
1567 581 1621 622 ad
1644 579 1810 621 dictam
1839 585 2002 620 terram
2031 592 2108 620 seu
2130 584 2250 620 tene-

450 657 649 692 mentum
684 650 989 704 spectantibus
1022 656 1149 703 prout
1177 649 1395 690 hactenus
1428 647 1692 689 sustentatis
1724 653 1766 688 et
1799 645 2015 700 reparatis
2044 646 2250 688 extiterat

450 719 723 773 temporibus
746 717 977 759 retroactis
1006 718 1063 758 Et
1092 731 1298 771 supremo
1321 716 1500 758 domino
1533 722 1685 757 nostro
1717 715 1807 768 regj
1833 720 2049 768 quantum
2072 715 2126 756 de
2150 714 2250 756 Iure

447 786 516 826 vel
540 786 859 827 consuetudine
884 793 1054 839 spectat
1078 785 1275 826 Tantum
1301 798 1378 838 pro
1401 783 1522 825 omni
1545 783 1631 824 alio
1654 796 1786 824 onere
1808 780 1994 823 seruicio
2021 781 2250 823 exactione

448 853 677 907 questione
715 868 791 894 seu
831 854 1051 895 demanda
1085 867 1167 906 que
1205 854 1257 893 de
1294 852 1546 905 huiusmodj
1587 858 1704 892 terra
1740 864 1817 892 seu
1854 856 2110 891 tenemento
2147 864 2249 892 cum

448 921 733 975 pertinenciis
775 921 888 975 exigj
930 921 1090 975 poterit
1142 920 1472 974 quomodolibet
1515 926 1591 961 aut
1633 918 1791 972 requirj
1838 919 1897 959 Et
1940 917 1976 959 si
2019 917 2248 972 contingat

447 990 615 1031 dictum
660 990 905 1031 Iohannem
950 990 1132 1030 heredes
1174 1002 1278 1029 suos
1315 994 1390 1030 aut
1429 987 1683 1041 assignatos
1719 987 1904 1028 deficere
1941 985 1986 1027 in
2023 985 2249 1028 solucione

447 1057 699 1112 huiusmodj
722 1073 894 1099 summe
918 1058 1051 1099 trium
1068 1057 1277 1098 librarum
1302 1070 1378 1110 per
1399 1062 1489 1097 tres
1511 1055 1728 1097 terminos
1750 1061 1826 1096 aut
1849 1055 1893 1095 in
1916 1053 2249 1096 sustentacione

447 1133 489 1167 et
522 1127 805 1180 reparacione
839 1125 1092 1179 huiusmodj
1127 1124 1369 1178 tenementj
1406 1138 1482 1165 seu
1515 1130 1630 1165 terre
1662 1129 1792 1177 prout
1825 1136 1958 1176 supra
1989 1135 2248 1176 expressum

446 1202 512 1236 est
546 1210 624 1237 seu
656 1194 908 1248 huiusmodj
943 1201 1107 1236 terram
1141 1193 1234 1234 siue
1265 1198 1572 1233 tenementum
1605 1191 1798 1234 alienare
1827 1191 1993 1244 absque
2016 1203 2115 1231 meo
2147 1203 2248 1231 con-

447 1278 579 1305 sensu
603 1278 679 1305 seu
703 1277 1010 1305 successorum
1034 1275 1232 1303 meorum
1257 1260 1589 1314 capellanorum
1609 1258 1725 1300 dicte
1744 1257 1990 1312 capellanie
2012 1256 2107 1311 ipso
2128 1256 2248 1299 facto

446 1332 573 1372 cadet
598 1345 675 1372 seu
698 1332 857 1372 cadent
890 1345 915 1372 a
949 1331 1050 1371 Iure
1074 1343 1153 1370 suo
1177 1328 1232 1369 sit
1266 1329 1381 1382 quod
1405 1328 1460 1369 ad
1492 1341 1562 1368 me
1594 1333 1636 1368 et
1670 1340 1950 1368 successores
1979 1339 2103 1367 meos
2125 1331 2247 1367 ante-

445 1399 588 1440 dictos
624 1398 878 1440 huiusmodi
915 1405 1032 1439 terra
1065 1412 1142 1438 seu
1175 1402 1481 1438 tenementum
1515 1395 1648 1437 libere
1680 1400 1929 1436 reuertatur
1959 1400 2002 1435 et
2035 1392 2162 1435 nobis
2189 1392 2246 1435 sit

444 1467 581 1510 libera
602 1468 793 1509 facultas
816 1465 1077 1521 disponendj
1104 1479 1236 1519 super
1257 1465 1412 1506 eadem
1436 1463 1480 1504 in
1505 1463 1703 1505 futurum
1728 1463 1788 1504 Et
1811 1476 1892 1516 ego
1914 1476 2017 1503 vero
2039 1460 2247 1503 dominus

444 1536 576 1578 dauid
609 1537 754 1578 Waus
791 1542 833 1576 et
876 1547 1156 1576 successores
1197 1532 1282 1586 mej
1327 1531 1442 1573 dicte
1484 1529 1731 1585 capellanie
1767 1536 1909 1571 totam
1946 1535 1989 1570 et
2026 1528 2246 1583 integram

445 1604 626 1646 Dictam
650 1611 812 1645 terram
837 1617 938 1644 cum
965 1600 1250 1656 pertinenciis
1281 1600 1400 1641 dicto
1434 1599 1622 1653 Iohannj
1648 1599 1794 1641 VVaus
1826 1597 1918 1639 suis
1945 1597 2180 1639 heredibus
2203 1602 2246 1638 et

443 1672 683 1727 assignatis
704 1679 750 1713 vt
774 1670 1078 1726 supradictum
1102 1676 1168 1710 est
1192 1668 1236 1709 in
1259 1667 1466 1709 omnibus
1488 1673 1530 1709 et
1554 1681 1631 1721 per
1652 1665 1802 1708 omnia
1824 1679 1901 1720 per
1926 1679 2081 1706 omnes
2102 1670 2244 1706 terras

442 1748 484 1782 et
508 1741 812 1795 possessiones
834 1746 1011 1780 nostras
1034 1744 1189 1779 contra
1211 1750 1366 1778 omnes
1389 1734 1600 1777 mortales
1617 1733 1996 1776 varantizabimus
2019 1731 2243 1787 acquieta-

441 1809 588 1851 bimus
608 1816 651 1850 et
674 1809 1001 1863 imperpetuum
1032 1806 1319 1848 defendemus
1350 1805 1503 1846 fraude
1536 1809 1578 1845 et
1611 1803 1711 1845 dolo
1744 1801 1931 1844 seclusis
1955 1803 2007 1843 In
2030 1800 2156 1843 cuius
2177 1800 2239 1856 rej

441 1877 746 1920 testimonium
781 1876 986 1930 Sigillum
1021 1888 1168 1915 meum
1201 1872 1426 1928 proprium
1459 1878 1502 1913 et
1535 1870 1730 1925 sigillum
1763 1869 1966 1924 prelibatj
2000 1869 2242 1911 reuerendo

444 1945 533 2000 [sic]
572 1945 615 1987 in
653 1945 819 1987 christo
856 1943 996 1998 patris
1032 1956 1204 1984 necnon
1242 1940 1437 1995 sigillum
1475 1953 1710 1981 commune
1748 1938 1967 1980 dictorum
2005 1937 2159 1991 decanj
2198 1942 2241 1979 et

442 2014 624 2068 capitulj
665 2011 980 2055 aberdonensis
1019 2012 1070 2052 In
1109 2010 1284 2064 signum
1323 2022 1568 2050 consensus
1604 2007 1843 2049 eorundem
1879 2020 1967 2047 vna
2002 2019 2104 2047 curn
2142 2005 2241 2046 sub-

442 2082 680 2136 scriptione
704 2080 899 2134 manualj
926 2078 1206 2133 presentibus
1229 2083 1332 2119 sunt
1356 2090 1554 2130 appensa
1583 2076 1701 2130 apud
1724 2075 1941 2116 aberdene
1965 2073 2051 2114 Die
2073 2072 2241 2115 mensis

444 2150 704 2192 Decembris
745 2163 862 2191 anno
911 2146 1076 2200 dominj
1123 2145 1360 2187 millesimo
1412 2143 1792 2199 quingentessimo
1843 2141 2072 2197 trigesimo
2123 2156 2240 2183 nono

442 2220 604 2262 Coram
627 2217 713 2259 hiis
734 2216 925 2258 testibus

1244 2369 1410 2411 XCVI.

552 2461 856 2505 NIUERSIS
888 2466 931 2501 et
964 2458 1151 2513 singulis
1183 2458 1238 2500 ad
1270 2471 1456 2511 quorum
1489 2455 1678 2498 noticias
1709 2462 1937 2510 presentes
1969 2456 2114 2498 littere
2145 2471 2239 2511 per-

608 2530 810 2574 uenerint
861 2529 1068 2571 henricus
1119 2529 1172 2569 de
1217 2527 1359 2582 leytht
1408 2527 1461 2568 de
1502 2525 1651 2568 barnis
1702 2526 1892 2567 salutem
1943 2525 1988 2567 in
2039 2526 2238 2568 omniurn

441 2599 664 2641 saluatore
697 2597 859 2640 Sciatis
892 2611 961 2638 me
994 2595 1167 2638 dedisse
1199 2593 1474 2637 concessisse
1506 2608 1556 2635 ac
1588 2599 1740 2635 tenore
1772 2594 2045 2648 presentium
2083 2594 2238 2636 confir-

440 2682 587 2709 masse
610 2667 799 2709 discreto
821 2665 913 2706 viro
937 2664 1115 2706 domino
1138 2663 1348 2704 Villelmo
1377 2663 1429 2703 de
1459 2675 1636 2703 camera
1669 2661 1911 2715 presbitero
1943 2661 2172 2704 licentiato
2193 2661 2238 2703 in

439 2737 608 2778 artibus
638 2750 772 2777 vnam
809 2734 1104 2788 capellaniam
1142 2732 1374 2774 duodecim
1408 2745 1658 2773 marcarum
1690 2730 1858 2773 vsualis
1891 2738 2068 2773 monete
2101 2730 2238 2773 scotie

440 2819 688 2846 annuorum
730 2803 980 2844 reddituum
1028 2807 1157 2855 prout
1200 2807 1320 2842 carte
1361 2799 1462 2840 inde
1503 2799 1701 2841 confecte
1747 2799 1921 2853 plenius
1966 2806 2240 2841 attestantur

440 2871 591 2914 diuina
620 2871 884 2913 celibraturo
914 2871 968 2911 ad
995 2869 1134 2910 altare
1167 2874 1422 2909 sanctorum
1456 2866 1659 2921 laurentij
1691 2873 1734 2908 et
1757 2867 1925 2921 ninianj
1954 2867 2170 2909 situatum
2192 2867 2237 2909 in

440 2939 628 2982 ecclesia
668 2937 933 2994 parrochiali
975 2936 1091 2979 beati
1134 2935 1293 2989 nicolaj
1334 2936 1385 2977 de
1423 2934 1630 2976 abirdene
1672 2949 1820 2976 coram
1862 2934 2070 2989 ymagine
2110 2936 2238 2977 beate
