2524 3418
847 294 1059 335 Fundatio
1090 293 1249 348 dominj
1279 293 1451 334 Ioannis
1483 307 1596 334 waus
2042 293 2123 347 269

1129 443 1315 484 CXXX.

317 536 530 579 Fundatio
565 536 724 591 dominj
758 535 931 577 Ioannis
972 549 1085 576 waus
1125 535 1243 576 misse
1278 534 1539 576 dominicalis
1579 534 1808 575 celibrande
1844 533 1954 588 apud
1993 534 2122 575 altare

1053 605 1185 660 sanctj
1214 605 1389 660 mavrtinj

443 697 691 739 MNIBUS
709 696 825 738 hanc
843 696 1046 738 chartam
1064 695 1225 737 visuris
1246 696 1314 738 vel
1334 695 1553 737 audituris
1571 695 1778 737 dominus
1802 696 1995 736 Ioannes
2011 710 2122 736 vaus

498 765 757 819 capellanus
790 764 976 806 ecclesie
1013 764 1282 819 parochialis
1326 764 1414 818 diuj
1452 763 1629 817 nicolaij
1670 764 1722 805 de
1764 763 1972 805 abirdene
2007 763 2127 805 salu-

316 840 408 876 tem
431 833 476 875 in
499 834 679 876 domino
702 834 1021 889 sempiternam
1045 835 1159 876 Cum
1183 848 1338 875 omnes
1362 833 1582 875 stabimus
1605 839 1707 875 ante
1737 833 1930 875 tribunal
1954 832 2120 887 dominj

317 901 457 957 nostrj
485 904 588 945 Iesu
621 903 775 945 christi
807 909 936 958 prout
963 903 1007 944 in
1035 917 1216 957 corpore
1248 902 1470 957 gessimus
1502 903 1597 944 siue
1629 903 1793 944 bonum
1827 903 1921 944 siue
1954 903 2123 945 malum

317 972 535 1027 recepturj
576 979 618 1015 et
659 973 963 1027 vnusquisque
1005 972 1230 1027 propriam
1273 972 1545 1026 adipiscetur
1586 974 1835 1014 mercedem
1878 974 2123 1015 secundum

317 1043 513 1084 laborem
538 1057 668 1085 suum
690 1044 845 1085 volens
867 1043 1003 1098 igitur
1033 1043 1149 1084 diem
1173 1043 1357 1096 extremj
1396 1042 1551 1096 Iudicij
1587 1042 1793 1096 operibus
1825 1042 2125 1084 misericordie

317 1113 547 1168 preuenire
570 1113 684 1155 sicut
708 1113 929 1155 seminata
951 1113 995 1154 in
1018 1113 1148 1154 terris
1171 1112 1407 1166 multiplicj
1436 1113 1581 1154 fructu
1605 1112 1810 1167 colligere
1832 1113 2063 1154 valeamus
2080 1112 2124 1153 in

317 1183 424 1224 celis
448 1183 676 1225 Noueritis
699 1198 770 1225 me
792 1183 927 1237 igitur
948 1182 992 1224 in
1016 1183 1230 1224 honorem
1263 1182 1331 1236 dej
1367 1182 1688 1237 omnipotentis
1720 1183 1910 1237 gloriose
1941 1182 2125 1237 virginis

317 1250 455 1293 marie
477 1251 765 1305 omniumque
788 1251 966 1293 celestis
993 1251 1112 1293 curie
1139 1251 1304 1293 ciuium
1328 1265 1406 1305 pro
1430 1251 1575 1293 salute
1598 1251 1746 1293 anime
1769 1266 1866 1293 mee
1888 1258 2124 1306 parentum

317 1326 359 1361 et
386 1320 719 1361 benefactorum
753 1334 953 1362 meorum
987 1326 1030 1361 et
1063 1334 1215 1362 eorum
1239 1334 1264 1361 a
1283 1319 1443 1374 quibus
1474 1319 1624 1374 aliqua
1656 1321 1772 1362 bona
1806 1322 1929 1362 Iuste
1956 1327 2032 1362 aut
2062 1320 2125 1361 in-

316 1389 432 1432 iuste
458 1389 594 1444 habuj
628 1404 802 1432 necnon
835 1389 1036 1432 omnium
1070 1389 1268 1431 fidelium
1302 1390 1611 1432 defunctorum
1644 1390 1818 1432 dedisse
1851 1390 2126 1432 concessisse

317 1459 427 1502 etin
450 1474 607 1515 puram
631 1466 674 1502 et
703 1466 965 1514 perpetuam
998 1459 1330 1514 eleemosynam
1364 1460 1555 1500 donasse
1588 1464 1630 1500 et
1664 1458 1919 1513 assignasse
1951 1473 2124 1500 necnon

315 1535 469 1571 tenore
491 1529 765 1584 presentium
799 1530 904 1571 dare
937 1530 1178 1571 concedere
1201 1535 1244 1570 et
1267 1528 1312 1569 in
1335 1543 1491 1582 puram
1520 1535 1563 1570 et
1590 1535 1850 1584 perpetuam
1884 1529 2125 1583 eleemosy-

317 1612 421 1641 nam
445 1599 636 1641 donasse
658 1604 702 1640 et
725 1598 980 1652 assignasse
1007 1612 1058 1640 ac
1092 1597 1214 1652 ipsas
1243 1596 1531 1639 donationem
1565 1596 1899 1639 concessionem
1923 1603 1965 1639 et
1989 1597 2126 1651 assig-

317 1666 546 1709 nationem
569 1666 653 1709 hac
676 1666 871 1721 presentj
907 1666 1064 1708 charta
1096 1680 1196 1707 mea
1228 1666 1518 1708 confirmasse
1552 1665 1756 1708 discretis
1777 1666 1883 1708 viris
1906 1673 2059 1709 curato
2083 1673 2125 1708 et

317 1736 562 1792 capellanis
584 1736 706 1791 chorj
738 1735 924 1778 ecclesie
956 1735 1248 1791 parrochialis
1280 1736 1397 1790 beatj
1432 1736 1609 1791 nicolaij
1645 1738 1698 1779 de
1731 1736 1938 1779 abirdene
1965 1743 2007 1778 et
2034 1736 2127 1779 suis

317 1807 650 1850 successoribus
683 1806 928 1861 capellanis
959 1806 1064 1861 dictj
1091 1805 1212 1861 chorj
1246 1812 1392 1848 totum
1425 1813 1468 1848 et
1500 1806 1724 1861 integrum
1756 1822 1892 1849 vnum
1927 1821 2125 1849 annuum

315 1877 537 1920 redditum
560 1877 798 1932 vigintisex
821 1876 1062 1919 solidorum
1085 1883 1128 1919 et
1152 1883 1252 1919 octo
1275 1876 1556 1919 denariorum
1582 1877 1752 1920 vsualis
1780 1884 1958 1919 monete
1989 1877 2127 1920 scotie

316 1948 439 2003 regnj
465 1947 697 1990 annuatim
721 1948 962 1990 leuandum
986 1954 1029 1989 et
1052 1947 1385 2002 percipiendum
1419 1948 1471 1989 de
1493 1954 1589 1990 tota
1621 1954 1664 1989 et
1691 1947 1864 2002 integra
1887 1954 2004 1989 terra
2027 1961 2126 1989 mea

318 2017 537 2059 anteriore
559 2024 602 2059 et
625 2017 754 2060 horto
778 2017 977 2059 eiusdem
1001 2032 1102 2059 cum
1127 2017 1219 2059 suis
1242 2017 1523 2072 pertinentiis
1543 2017 1800 2060 Iacentibus
1822 2017 1935 2060 infra
1957 2017 2125 2059 dictum

316 2087 504 2142 burgum
538 2086 583 2128 in
614 2086 712 2129 vico
745 2087 948 2129 inferiore
981 2086 1168 2129 ecclesie
1201 2087 1307 2141 dictj
1342 2087 1468 2142 burgj
1494 2087 1610 2129 inter
1634 2094 1800 2129 terram
1829 2087 1990 2142 robertj
2019 2101 2128 2142 gray

316 2170 369 2198 ex
397 2156 661 2211 occidentalj
688 2172 740 2199 ex
760 2172 848 2199 vna
880 2163 1045 2199 terram
1078 2157 1232 2199 altaris
1265 2157 1359 2199 siue
1393 2157 1640 2212 capellanie
1673 2159 1801 2200 beate
1833 2159 2018 2200 barbare
2043 2157 2126 2199 vir-

315 2225 432 2280 ginis
464 2240 517 2268 ex
553 2225 756 2280 orientalj
793 2225 994 2281 partibus
1028 2226 1083 2268 ab
1116 2226 1256 2268 altera
1293 2240 1578 2268 communem
1611 2226 1731 2268 viam
1768 2226 1936 2281 regiam
1972 2240 2127 2267 versus

317 2303 519 2338 austrum
543 2303 586 2338 et
609 2297 788 2339 hortum
813 2297 1037 2351 quondam
1060 2295 1235 2350 patricij
1260 2297 1345 2338 vod
1367 2311 1522 2338 versus
1545 2298 1724 2339 boream
1754 2296 2125 2339 TENENDUM

316 2370 360 2406 et
397 2365 653 2408 habendum
689 2371 835 2407 totum
869 2371 911 2407 et
944 2364 1167 2420 integrum
1201 2365 1371 2407 dictum
1404 2379 1603 2407 annuum
1635 2365 1857 2407 redditum
1889 2364 2128 2420 vigintisex

317 2434 560 2478 solidorum
583 2442 626 2477 et
658 2442 759 2478 octo
793 2435 1076 2478 denariorum
1110 2442 1289 2478 monete
1322 2435 1547 2478 antedicte
1580 2450 1681 2478 cum
1716 2435 1808 2478 suis
1840 2434 2127 2490 pertinenciis

317 2504 500 2559 prefatis
537 2512 692 2548 curato
733 2512 777 2548 et
819 2505 1064 2561 capellanis
1100 2512 1143 2548 et
1181 2520 1333 2548 eorum
1371 2506 1704 2548 successoribus
1747 2505 1991 2560 capellanis
2032 2519 2126 2560 per-

316 2574 464 2629 petuis
510 2575 614 2630 dictj
663 2575 785 2631 chorj
835 2577 889 2619 de
935 2591 1143 2631 suprema
1185 2576 1367 2619 domina
1407 2583 1561 2619 nostra
1606 2576 1759 2632 regina
1805 2583 1848 2618 et
1896 2575 1988 2618 suis
2030 2589 2127 2618 suc-

317 2644 569 2688 cessoribus
611 2646 788 2701 regibus
835 2661 914 2689 seu
959 2646 1125 2701 reginis
1172 2646 1312 2689 scotie
1353 2646 1397 2688 in
1438 2647 1566 2689 feodo
1608 2653 1651 2689 et
1693 2646 1940 2689 hereditate
1976 2647 2040 2688 Ac
2081 2645 2126 2687 in

317 2714 454 2757 libero
495 2715 710 2770 burgagio
751 2715 1079 2771 imperpetuum
1124 2731 1225 2758 cum
1267 2716 1387 2771 omnj
1434 2717 1536 2759 Iure
1577 2723 1620 2759 et
1664 2716 1954 2758 Iurisclameo
1995 2714 2126 2757 titulo

316 2784 587 2839 proprietate
623 2792 666 2827 et
700 2786 983 2840 possessione
1019 2788 1082 2829 Ac
1121 2801 1222 2829 cum
1260 2786 1468 2829 omnibus
1504 2786 1604 2828 aliis
1641 2792 1684 2828 et
1722 2785 1909 2840 singulis
1950 2785 2126 2827 liberta-

315 2853 435 2896 tibus
465 2855 859 2899 commoditatibus
891 2863 934 2899 et
967 2856 1230 2899 asiamentis
1259 2871 1310 2899 ac
1346 2857 1484 2899 Iustis
1517 2857 1610 2899 suis
1639 2856 1920 2911 pertinentiis
1949 2855 2126 2910 quibus-

318 2938 492 2979 cunque
521 2926 577 2968 ad
606 2925 855 2980 predictum
889 2941 1088 2970 annuum
1121 2927 1344 2970 redditum
1372 2942 1474 2970 cum
1506 2927 1787 2983 pertinentiis
1819 2926 2126 2982 spectantibus

2152 540 2209 572 fol.
2229 543 2288 572 108
2299 540 2312 559 2
