2524 3418
234 417 354 447 Obitus
367 418 493 459 dominj

233 460 388 490 iohannis

233 503 340 533 wius
357 512 388 534 ct

230 546 329 576 dauid
350 547 457 578 Waus

229 589 338 619 fratris
359 591 408 631 suj

229 634 380 674 germanj

223 1591 398 1622 Maissoun

223 2526 277 2557 fol.
301 2528 338 2559 97
351 2525 361 2545 ยน

226 2601 399 2633 Fundacio

224 2645 375 2685 magistri

226 2689 387 2719 Iohannis

224 2731 444 2773 Baidenaugh

527 309 606 349 242
945 298 1162 339 Fundacio
1193 298 1384 352 magistri
1413 298 1613 341 Iohannis
1643 299 1922 355 Baidenaugh

526 410 892 465 quinquagesima
925 414 978 453 ad
1012 413 1150 453 altare
1173 412 1262 465 diuj
1293 412 1470 466 martinj
1497 413 1539 453 in
1563 413 1680 454 hunc
1714 415 1892 456 modum
1917 415 2120 458 videlicet
2143 418 2324 472 exequie

527 480 831 522 defunctorum
857 483 1196 523 celebrabuntur
1218 482 1403 524 sabbato
1433 483 1684 536 precedenti
1717 498 1818 525 cum
1852 485 2034 538 placebo
2056 493 2098 527 et
2121 487 2259 540 dirige
2281 494 2323 529 et

528 549 709 590 missam
743 552 794 591 de
829 559 932 591 nota
966 550 1008 590 in
1043 550 1287 591 crastinum
1322 565 1421 592 cum
1455 551 1670 605 trigintali
1695 552 1930 594 missarum
1955 568 2031 607 per
2053 555 2323 598 ebdomitam

527 627 783 672 sequentem
828 633 905 673 pro
947 619 1091 660 salute
1143 619 1392 661 animarum
1446 620 1743 673 predictarum
1787 621 1831 662 in
1872 621 1963 663 vita
2008 622 2113 664 dicti
2155 623 2320 678 dominj

527 688 739 730 Iohannis
780 696 822 730 et
866 695 965 742 post
1007 689 1238 730 decessum
1281 689 1376 730 eius
1412 689 1455 729 in
1493 689 1715 732 dominica
1757 690 1959 744 sequenti
2000 698 2046 733 ut
2089 706 2221 746 supra
2263 692 2324 734 Et

523 758 732 799 collector
764 772 841 812 pro
874 765 1073 812 tempore
1105 758 1307 799 tabulum
1340 759 1572 799 decentem
1607 773 1739 813 super
1773 766 2112 802 monumentum
2140 761 2323 803 situabit

522 835 563 868 et
602 828 821 881 cooperiet
860 827 994 881 pallio
1031 827 1205 869 decenti
1243 826 1480 868 luminaria
1516 834 1559 868 et
1597 841 1742 869 ceram
1780 827 1976 869 inueniet
2009 835 2056 870 ut
2090 828 2225 870 moris
2256 835 2323 871 est

523 897 766 938 Sacristam
804 911 1047 950 campanas
1085 896 1328 938 solenniter
1369 903 1410 938 et
1454 903 1692 938 consuetas
1734 897 1909 950 pulsare
1946 897 2076 939 faciet
2118 912 2195 952 pro
2237 913 2323 952 quo

520 965 761 1006 fundantur
784 965 872 1019 xiiij
899 967 924 1007 d
948 972 990 1006 et
1014 979 1250 1019 preconem
1281 979 1380 1006 eum
1406 979 1625 1019 campana
1648 965 1845 1007 manuali
1868 980 1944 1020 per
1966 973 2110 1008 totum
2134 967 2321 1021 burgum

520 1035 752 1076 circumire
774 1035 906 1077 faciet
929 1041 977 1076 ut
1000 1034 1210 1077 incitetur
1241 1035 1432 1089 populus
1464 1036 1519 1077 ad
1552 1036 1767 1077 orandum
1801 1050 1878 1090 pro
1910 1035 2145 1078 animabus
2171 1050 2322 1090 supra-

519 1104 648 1145 dictis
680 1119 757 1158 pro
781 1119 866 1158 quo
888 1104 1130 1146 fundantur
1151 1105 1237 1145 duo
1255 1103 1421 1158 denarij
1442 1103 1607 1146 vicario
1630 1111 1783 1146 curato
1806 1110 1848 1145 et
1871 1104 2115 1159 capellanis
2146 1105 2318 1160 collegij

519 1173 630 1228 xxijti
669 1174 795 1216 solidi
830 1174 1111 1216 inseodantur
1142 1175 1195 1216 de
1227 1173 1346 1228 agris
1383 1188 1460 1216 seu
1497 1173 1619 1216 rudis
1655 1180 1871 1216 terrarum
1909 1176 1962 1216 de
2001 1175 2158 1229 Inrury
2189 1181 2232 1217 et
2269 1177 2322 1218 de

518 1245 722 1286 domibus
754 1259 904 1299 cromy
937 1259 1054 1286 nunc
1091 1244 1423 1299 capellanorum
1462 1251 1509 1286 ut
1548 1244 1591 1285 in
1629 1251 1752 1286 carta
1788 1244 1963 1298 plenius
1995 1245 2248 1288 continetur
2279 1252 2322 1288 et

517 1314 610 1355 vult
628 1313 808 1355 omnino
826 1313 942 1355 idem
961 1313 1167 1355 dominus
1187 1313 1412 1354 Iohannes
1430 1314 1546 1367 quod
1565 1313 1900 1355 distributiones
1915 1313 2024 1355 fiant
2043 1314 2322 1368 presentibus

517 1390 692 1425 tantum
716 1390 758 1424 et
781 1383 916 1425 nichil
940 1382 1200 1426 absentibus
1232 1390 1279 1424 ut
1312 1382 1395 1437 ipsi
1429 1382 1472 1424 in
1505 1382 1575 1424 die
1610 1383 1766 1438 Iudicij
1792 1397 1942 1425 coram
1970 1398 2146 1426 summo
2169 1384 2320 1427 Iudice

517 1454 781 1507 respondere
803 1453 958 1495 volunt

632 1586 792 1627 Obitus
813 1585 1078 1627 venerabilis
1100 1585 1181 1626 viri
1209 1585 1410 1639 magistri
1443 1584 1606 1627 roberti
1639 1585 1868 1627 maissoun
1901 1585 2195 1628 celebrabitur
2216 1586 2317 1642 xviij

515 1654 583 1696 die
607 1655 774 1696 mensis
800 1655 949 1709 mercij
975 1669 1093 1697 anno
1116 1654 1282 1708 dominj
1310 1654 1548 1696 millesimo
1571 1654 1928 1708 quingentesimo
1950 1654 2162 1697 vicesimo
2184 1655 2321 1698 tercio

515 1725 557 1766 in
601 1725 718 1766 hunc
771 1726 950 1766 modum
997 1724 1202 1766 videlicet
1250 1724 1460 1766 collector
1511 1738 1588 1778 pro
1640 1731 1839 1778 tempore
1891 1723 2086 1766 existens
2137 1724 2320 1767 situabit

514 1795 756 1836 scabellum
799 1809 899 1836 cum
941 1808 1016 1835 sex
1058 1793 1350 1836 luminaribus
1393 1808 1470 1848 pro
1512 1793 1671 1847 quibus
1708 1793 1887 1835 habebit
1924 1793 1995 1834 xvi
2032 1794 2059 1835 d
2096 1800 2139 1835 et
2176 1793 2319 1836 soluet

515 1863 700 1905 sacriste
724 1863 796 1918 viij
823 1865 848 1905 d
871 1870 913 1905 et
937 1863 1115 1917 preconi
1147 1862 1265 1917 opidi
1298 1863 1409 1904 duos
1441 1863 1467 1904 d
1501 1864 1560 1904 Et
1594 1863 1805 1904 collector
1838 1863 1980 1904 soluet
2012 1877 2088 1917 pre
2113 1862 2320 1905 manibus

515 1934 758 1988 capellanis
781 1933 952 1988 collegij
979 1933 1163 1974 missam
1187 1934 1240 1974 de
1263 1939 1369 1974 nota
1391 1933 1444 1974 de
1467 1931 1618 1986 requie
1641 1938 1683 1973 et
1707 1931 1891 1986 triginta
1916 1933 2028 1974 duas
2059 1930 2221 1974 missas
2243 1945 2320 1986 per

515 2004 786 2046 ebdomitam
819 2003 863 2045 in
896 2003 1141 2058 plenariam
1176 2002 1444 2044 solutionem
1478 2001 1548 2043 xvi
1573 2001 1815 2043 solidorum
1839 2007 1881 2042 et
1907 2007 2008 2042 octo
2037 1999 2318 2043 denariorum

516 2080 690 2126 emptas
713 2087 788 2127 per
809 2072 1037 2127 georgium
1070 2072 1210 2114 bissat
1243 2078 1524 2113 executorem
1558 2071 1664 2113 dicti
1698 2070 1899 2124 magistri
1921 2069 2084 2112 roberti
2116 2071 2170 2112 de
2200 2075 2318 2112 terra

517 2141 660 2183 sancti
690 2142 895 2197 stephani
932 2156 1009 2196 pro
1040 2148 1253 2195 perpetuo
1282 2142 1543 2183 duraturum
1578 2141 1760 2182 Iacente
1791 2140 1920 2194 juxta
1952 2140 2085 2181 finem
2117 2139 2202 2182 vici
2231 2139 2317 2182 fur-

517 2225 667 2253 carum
692 2225 778 2266 quo
800 2210 888 2254 itur
909 2212 963 2253 ad
985 2210 1128 2252 forum
1151 2210 1379 2265 publicum
1402 2209 1521 2252 circa
1541 2209 1689 2252 vicum
1712 2209 1895 2252 nauium
2243 2217 2253 2225 '

1323 2407 1515 2450 CXVII.

643 2513 890 2555 MNIBUS
927 2512 1042 2554 hanc
1078 2518 1249 2554 cartam
1285 2511 1446 2553 visuris
1481 2511 1550 2553 vel
1585 2510 1802 2553 audituris
1840 2509 2054 2564 magister
2091 2508 2317 2551 Iohannes

702 2582 963 2636 Baidenagh
995 2581 1187 2624 vicarius
1219 2583 1272 2623 de
1303 2595 1535 2636 gammery
1563 2580 1681 2622 filius
1713 2586 1755 2622 et
1788 2580 1916 2621 heres
1948 2579 2171 2633 quondam
2203 2579 2317 2620 bone

521 2652 732 2693 memorie
760 2652 937 2706 Patricij
963 2651 1211 2705 baidenagh
1246 2651 1479 2705 burgensis
1511 2652 1563 2692 de
1595 2651 1824 2692 Aberdene
1857 2649 2046 2691 salutem
2070 2648 2115 2689 in
2136 2647 2317 2690 domino

521 2721 837 2775 sempiternam
869 2720 1097 2762 Noueritis
1120 2734 1189 2761 me
1212 2719 1256 2761 in
1286 2720 1498 2761 honorem
1526 2719 1595 2761 dei
1621 2718 1941 2773 omnipotentis
1972 2716 2316 2770 beatissimeque

517 2790 700 2845 virginis
733 2790 868 2832 marie
902 2796 1054 2832 sancte
1089 2789 1303 2831 Iohannis
1335 2789 1528 2844 baptiste
1555 2803 1606 2831 ac
1632 2788 1830 2830 omniurn
1864 2793 2121 2830 sanctorum
2150 2785 2315 2828 ciuium

516 2873 806 2914 supernorum
853 2873 932 2913 pro
978 2859 1122 2901 salute
1164 2858 1312 2901 anime
1359 2872 1456 2900 mee
1502 2871 1553 2900 ac
1599 2856 1848 2900 animarum
1895 2855 2036 2911 patris
2075 2861 2118 2897 et
2159 2853 2316 2896 matris

516 2943 714 2971 meorum
754 2943 806 2971 ac
842 2943 920 2983 pro
956 2929 1100 2970 salute
1136 2928 1284 2971 anime
1317 2928 1541 2982 quondam
1580 2926 1786 2981 Duncanj
1822 2926 1995 2968 lowdon
2027 2923 2315 2977 omniumque
