2524 3418
754 308 927 351 Rentale
957 308 1140 351 obituum
1171 312 1207 350 et
1236 307 1636 349 Anniuersariorum
2013 319 2093 350 221

295 425 589 481 quadraginta
631 425 783 468 solidis
817 426 869 467 de
903 424 1033 467 terris
1074 425 1127 465 de
1161 424 1438 478 Auchquyok
1471 429 1514 464 et
1552 423 1800 465 Carnabow
1835 423 2096 477 Jacentibus

293 495 338 536 in
354 495 537 537 baronia
555 496 608 537 de
624 495 816 549 syndone
830 493 942 535 infra
960 491 1322 534 vicecomitatum
1341 493 1394 533 de
1412 491 1656 545 kineardyn
1674 490 1905 533 Willelmo
1926 492 2098 545 Kyntor

294 562 558 605 hereditarie
581 560 942 616 contingentibus
962 566 1009 602 vt
1031 561 1297 614 respondere
1319 558 1456 601 velint

365 688 367 690 .
411 700 699 743 Honorabilis
738 700 805 742 vir
847 700 1070 741 Robertus
1106 698 1292 740 blinsele
1330 699 1554 752 quondam
1596 697 1847 753 prepositus
1884 698 2008 753 burgi
2044 700 2096 740 de

293 769 513 811 Abirdene
572 769 775 811 fundauit
826 783 960 810 Vnam
1013 768 1267 821 lampadem
1328 768 1603 822 temporibus
1660 767 1821 809 futuris
1872 768 2097 822 perpetuis

291 839 540 893 yemalibus
582 840 841 880 duraturam
884 839 1114 880 ardentem
1157 851 1236 891 pro
1278 837 1422 879 salute
1459 837 1606 879 anime
1644 852 1721 879 sue
1758 837 2097 891 animarumque

292 916 527 963 parentum
550 916 885 951 antecessorum
920 922 1227 949 successorum
1262 922 1312 949 ac
1345 907 1545 949 omnium
1569 907 1765 949 fidelium
1789 908 2096 950 defunctorum

293 979 348 1019 ad
371 979 510 1020 altare
532 978 790 1021 beatissime
811 977 995 1032 virginis
1018 976 1156 1018 marie
1178 977 1290 1018 infra
1317 977 1552 1019 ecclesiam
1586 977 1886 1031 parochialem
1919 977 2098 1032 gloriosi

292 1046 432 1088 nostri
473 1047 646 1101 patronj
693 1047 848 1089 Sancti
882 1046 1091 1100 nicholaij
1129 1047 1181 1088 de
1219 1047 1437 1088 aberdene
1475 1061 1553 1100 pro
1591 1047 1857 1101 quaquidem
1892 1048 2100 1102 lampade

292 1115 553 1159 sustinenda
596 1117 848 1171 sepedictus
887 1116 1110 1158 Robertus
1154 1116 1405 1158 Infeodauit
1444 1116 1739 1170 Capellanum
1782 1116 1936 1159 altaris
1978 1123 2100 1159 ante-

290 1185 396 1228 dicti
444 1186 488 1227 in
529 1201 616 1228 vno
668 1201 816 1229 annuo
870 1185 1065 1228 Redditu
1117 1187 1304 1228 duorum
1348 1202 1368 1228 s
1410 1186 1643 1229 annuatim
1685 1188 1738 1229 de
1779 1194 1897 1229 terra
1948 1188 2100 1230 thome

290 1255 525 1309 gladstane
576 1256 620 1297 in
672 1256 712 1298 16
763 1270 898 1311 grene
950 1255 1066 1296 inter
1115 1261 1279 1298 terram
1329 1255 1546 1310 Willelmj
1602 1257 1848 1298 andersone
1899 1271 1951 1298 ex
2003 1272 2101 1299 aus-

289 1324 390 1366 trali
446 1331 489 1367 et
546 1339 808 1367 communes
860 1325 956 1368 vias
1011 1323 1156 1379 regias
1213 1340 1265 1367 ex
1321 1325 1477 1368 boriali
1538 1325 1743 1367 orientali
1800 1332 1843 1367 et
1899 1325 2100 1368 occiden—

289 1392 369 1435 tali
401 1392 603 1448 partibus

406 1532 567 1576 Obitus
604 1534 828 1587 quondam
860 1533 1126 1576 venerabilis
1157 1533 1238 1576 viri
1271 1531 1439 1575 domini
1472 1534 1634 1575 andree
1671 1532 1839 1588 henricj
1879 1534 2096 1589 capellanj

288 1602 394 1644 olim
437 1603 591 1645 altaris
633 1603 722 1658 diuj
767 1604 963 1659 leonardj
1007 1604 1052 1646 in
1094 1603 1284 1647 ecclesia
1315 1602 1433 1645 beati
1475 1602 1636 1657 nicolaj
1682 1604 1734 1645 de
1767 1603 1976 1645 abirdene
2018 1603 2098 1646 erit

289 1687 464 1728 semper
494 1673 602 1716 feria
633 1673 772 1716 tercia
796 1674 960 1716 festum
993 1681 1276 1729 pentecostes
1308 1673 1567 1716 immediate
1599 1680 1813 1728 sequente
1846 1673 1952 1716 obiit
1980 1688 2098 1716 anno

288 1742 468 1784 domino
491 1742 729 1785 millesimo
752 1742 1110 1798 quingentesimo
1132 1743 1269 1785 tercio
1293 1743 1363 1785 die
1384 1757 1487 1784 vero
1510 1742 1678 1784 mensis
1713 1775 1721 1784 .
1759 1776 1766 1784 .
1803 1775 1812 1784 .
1846 1742 1919 1797 qui
1952 1742 2099 1785 obitus

289 1812 584 1855 celebrabitur
601 1813 834 1855 annuatim
853 1813 897 1854 in
920 1813 1092 1868 prefata
1115 1812 1304 1855 ecclesia
1322 1819 1424 1855 ante
1443 1812 1612 1854 dictum
1631 1812 1771 1854 altare
1789 1812 1878 1866 diuj
1900 1811 2097 1854 leonardi

289 1897 389 1925 curn
414 1883 551 1926 missa
574 1885 626 1926 de
649 1891 756 1926 nota
778 1890 820 1926 et
843 1883 1060 1939 trigintali
1078 1899 1155 1939 per
1173 1883 1446 1926 ebdomitam
1466 1889 1726 1937 sequentem
1746 1897 1823 1937 per
1841 1882 2099 1937 capellanos

287 1952 411 1995 chori
455 1953 545 2008 diuj
590 1953 751 2008 nicolaj
796 1955 849 1995 de
891 1954 1110 1996 aberdene
1151 1968 1230 2008 pro
1272 1952 1540 2007 quoquidem
1590 1951 1894 1994 anniuersario
1940 1950 2099 2005 prefati

287 2023 506 2077 capellani
538 2023 822 2066 infeodantur
843 2025 895 2066 de
918 2023 991 2078 xiij
1017 2038 1037 2065 s
1060 2020 1103 2066 et
1125 2023 1186 2078 iiij
1212 2025 1314 2071 dide
1337 2030 1454 2066 terra
1481 2024 1705 2077 quondam
1736 2023 1898 2064 andree
1930 2020 2098 2063 henrici

286 2107 405 2136 nunc
427 2094 641 2136 heredum
664 2095 827 2137 andree
849 2095 1010 2137 burnat
1032 2108 1169 2149 prope
1191 2093 1220 2135 li
1244 2093 1444 2135 darnatis
1466 2092 1641 2148 gawille
1663 2098 1733 2134 etc

404 2234 638 2276 Honestus
651 2234 717 2276 vir
733 2235 958 2277 Iohannes
977 2236 1184 2277 Steuarte
1200 2234 1433 2289 burgensis
1448 2233 1573 2288 burgi
1589 2234 1641 2275 de
1659 2232 1880 2274 Abirdene
1894 2231 2097 2273 fundauit

285 2316 419 2345 vnam
467 2303 653 2347 missam
696 2305 833 2347 semel
875 2305 920 2346 in
968 2305 1194 2347 ebdomita
1241 2305 1436 2359 qualibet
1484 2304 1553 2346 die
1599 2302 1773 2345 veneris
1817 2301 1925 2344 feria
1972 2308 2097 2343 sexta

285 2372 446 2415 futuris
467 2374 693 2429 perpetuis
713 2376 989 2430 temporibus
1012 2376 1337 2419 Celebrandam
1360 2389 1438 2430 pro
1471 2374 1615 2417 salute
1638 2373 1786 2415 anime
1819 2386 1897 2414 sue
1927 2371 2096 2414 anima-

286 2457 474 2498 rumque
515 2444 718 2500 coniugis
759 2460 837 2488 sue
883 2452 1119 2501 parentum
1165 2446 1499 2488 benefactorum
1551 2450 1594 2486 et
1646 2443 1845 2485 omnium
1897 2441 2094 2483 fidelium

287 2513 595 2556 defunctorum
619 2516 675 2557 ad
693 2516 833 2558 altare
857 2516 1023 2569 Sancti*
1043 2515 1194 2558 Iacobi
1227 2515 1340 2557 infra
1372 2513 1609 2556 ecclesiam
1641 2511 1944 2567 parochialem
1978 2508 2096 2568 beati

286 2581 495 2637 nicholaij
540 2585 592 2626 de
633 2585 854 2627 Abirdene
896 2599 974 2640 pro
1016 2585 1284 2640 quaquidem
1327 2583 1465 2626 missa
1511 2582 1778 2625 celebranda
1819 2579 2010 2622 vicarius
2052 2585 2095 2621 et

287 2654 506 2708 capellanj
550 2654 657 2696 dicti
699 2655 871 2711 collegij
912 2656 1195 2698 infeodantur
1237 2655 1471 2698 annuatim
1514 2653 1558 2695 in
1599 2667 1686 2695 vno
1728 2666 1877 2694 annuo
1919 2650 2094 2692 redditu

288 2724 618 2778 Septemdecim
642 2726 883 2769 solidorum
906 2734 948 2769 et
972 2734 1161 2781 quatuor
1190 2726 1472 2769 denariorum
1496 2726 1548 2766 de
1575 2730 1692 2765 terra
1715 2721 1854 2777 ipsius
1879 2719 2093 2763 Iohannis

288 2795 470 2836 Iacente
492 2793 536 2835 in
558 2794 655 2837 vico
686 2796 911 2838 furcarum
945 2811 997 2838 ex
1029 2797 1233 2838 orientali
1265 2802 1390 2850 parte
1423 2795 1621 2836 eiusdem
1644 2791 1729 2834 vici
1762 2797 1885 2832 extra
1916 2796 2091 2843 portam

286 2863 401 2905 inter
422 2870 586 2906 terram
610 2868 834 2920 quondam
861 2867 1054 2922 duncanj
1090 2866 1289 2909 lundoris
1311 2880 1364 2908 ex
1386 2863 1572 2907 australi
1605 2869 1647 2904 et
1680 2868 1844 2903 terram
1868 2859 2092 2914 quondam

286 2933 506 2976 Willelmi
538 2936 780 2978 adamsone
804 2951 856 2978 ex
878 2937 1033 2979 boriali
1065 2936 1192 2979 cuius
1225 2935 1373 2979 anime
1405 2932 1674 2990 propicietur
1703 2931 1812 2973 deus
1846 2930 2094 2970 Reseruato

2129 706 2297 737 Robertus
2308 705 2393 737 blin-

2129 750 2199 799 sele
2214 750 2295 781 olim
2313 760 2383 790 pre-

2128 799 2258 834 p051tus

2127 2243 2185 2275 fol.
2203 2245 2243 2276 89
2259 2242 2270 2263 1

2128 2330 2301 2363 Iohannes

2128 2375 2285 2407 Stenarte
