2524 3418
659 307 787 352 Carta
807 308 1076 365 fundacionis
1107 308 1253 351 altaris
1288 309 1438 352 Sancti
1468 310 1637 354 viniani
2003 325 2058 367 37

1099 450 1199 492 XV.

595 544 726 599 Copia
755 548 862 586 carte
885 544 1154 599 fundacionis
1185 544 1332 586 altaris
1363 544 1510 587 Sancti
1538 544 1708 586 miniani

373 637 620 679 MNIBUS
654 637 769 678 hanc
803 643 972 679 cartam
1005 636 1167 678 visuris
1196 637 1263 678 vel
1298 636 1515 679 audituris
1547 637 1807 680 willelmus
1840 638 2057 681 meldrum

430 705 652 748 Dominus
693 708 746 748 de
786 707 898 761 fywe
942 708 1158 749 Eternam
1202 706 1246 748 in
1289 706 1470 749 domino
1513 707 1715 749 Salutem
1759 722 1860 749 cum
1903 722 2058 751 omnes

248 777 468 820 stabimus
505 784 608 819 ante
645 776 839 819 tribunal
879 777 1062 819 Domini
1105 776 1244 819 nostri
1285 778 1419 819 Ihesu
1463 777 1585 819 cristi
1629 777 1723 820 siue
1761 779 1926 820 bonurn
1963 778 2058 821 siue

250 846 418 888 malum
446 845 577 887 fuerit
609 845 828 900 recepturi
862 852 990 900 prout
1013 845 1057 887 in
1081 860 1262 901 corpore
1293 845 1516 901 gessimus
1550 845 1693 901 Igitur
1724 846 1840 889 diem
1873 848 2058 890 extremi

252 914 410 957 Iudicii
447 913 654 968 operibus
691 913 992 956 misericordie
1029 914 1268 969 expediens
1304 921 1371 957 est
1408 915 1638 969 preuenire
1672 923 1720 958 ut
1755 916 1978 960 seminata
2014 918 2058 960 in

248 983 378 1026 terris
410 983 657 1038 multiplice
685 983 831 1025 fructu
861 983 1126 1038 colligamus
1159 983 1203 1025 in
1237 983 1343 1026 celis
1366 985 1495 1026 Vnde
1527 984 1742 1027 noueritis
1774 1000 1844 1027 me
1876 985 1921 1028 in
1954 1001 2058 1041 aug-

250 1060 451 1095 mentum
481 1052 621 1095 diuini
645 1053 792 1095 cultus
815 1060 857 1095 et
881 1053 1095 1096 honorem
1129 1053 1197 1096 dei
1230 1053 1552 1108 omnipotentis
1581 1054 1840 1097 beatissime
1861 1055 2061 1112 Virginis

249 1123 388 1166 marie
430 1123 586 1166 matris
623 1137 702 1165 sue
742 1123 897 1166 Sancti
936 1123 1121 1166 Niniani
1164 1123 1430 1166 confessoris
1467 1130 1510 1166 et
1548 1125 1747 1167 omnium
1791 1127 2060 1170 Sanctorum

251 1193 425 1236 dedisse
458 1193 736 1236 concessisse
771 1193 1027 1248 assignasse
1059 1200 1102 1236 et
1135 1194 1219 1236 hac
1252 1194 1447 1249 presenti
1483 1201 1606 1238 carta
1638 1210 1738 1238 mea
1772 1198 2062 1241 confirmasse

250 1265 332 1307 deo
364 1263 661 1319 omnipotenti
693 1263 1014 1319 gloriosissime
1036 1263 1197 1318 virgini
1230 1263 1369 1306 marie
1401 1264 1609 1308 omnibus
1644 1266 1824 1309 Sanctis
1856 1273 1899 1309 et
1932 1268 2062 1311 altari

250 1333 369 1377 beati
403 1333 585 1388 Ninianj
623 1334 743 1376 Infra
772 1333 1008 1376 ecclesiam
1039 1333 1341 1389 parochialem
1373 1334 1528 1377 Sancti
1557 1334 1768 1391 nicholaij
1799 1337 1852 1378 de
1880 1337 2062 1380 abirden

250 1404 417 1447 situato
439 1411 482 1447 et
506 1403 687 1447 domino
708 1405 903 1446 Roberto
921 1403 1002 1445 leis
1025 1404 1258 1459 capellano
1277 1418 1376 1446 meo
1391 1410 1604 1459 perpetuo
1630 1405 1800 1448 Ibidem
1819 1407 2061 1450 celebranti

249 1481 292 1516 et
316 1474 408 1516 suis
432 1473 765 1516 successoribus
789 1473 1077 1516 celebraturis
1100 1488 1177 1529 pro
1201 1473 1352 1516 anima
1379 1489 1479 1516 mea
1501 1481 1544 1516 et
1567 1473 1803 1518 animabus
1826 1483 2060 1531 parentum

250 1559 560 1587 successorum
584 1551 627 1586 et
650 1543 983 1586 benefactorum
1008 1558 1208 1586 meorum
1233 1559 1283 1586 ac
1306 1543 1507 1586 omnium
1531 1544 1728 1587 fidelium
1752 1546 2061 1589 defunctorum

250 1620 293 1656 et
326 1613 503 1656 illorum
533 1628 559 1656 a
588 1613 747 1667 quibus
781 1613 930 1667 aliqua
962 1615 1079 1656 bona
1109 1628 1305 1668 vnquam
1335 1613 1450 1656 iuste
1483 1614 1618 1657 habui
1650 1620 1770 1657 totos
1799 1622 1842 1657 et
1864 1615 2062 1672 integros

250 1698 424 1727 annuos
446 1683 646 1726 redditus
670 1699 794 1726 meos
826 1683 1102 1739 subscriptos
1124 1683 1194 1726 viz
1220 1699 1357 1726 vnum
1385 1699 1585 1727 annuum
1610 1685 1851 1729 Redditum
1877 1689 2062 1741 quadra-

250 1753 375 1808 ginta
413 1754 654 1796 solidorum
691 1754 860 1796 vsualis
902 1761 1080 1796 monete
1117 1754 1263 1797 scocie
1304 1755 1538 1797 annuatim
1575 1755 1816 1799 leuandum
1854 1758 1907 1799 de
1943 1764 2063 1801 totas

249 1832 293 1867 et
325 1825 522 1880 integras
548 1825 678 1867 terris
711 1826 764 1867 de
796 1826 1115 1868 W'attertoune
1147 1826 1200 1868 de
1232 1825 1349 1868 ellon
1383 1840 1516 1880 super
1541 1840 1705 1881 aquam
1738 1828 1791 1869 de
1812 1827 1979 1882 ythane
2011 1843 2064 1870 ex

249 1895 416 1939 boreali
439 1902 564 1950 parte
582 1895 780 1938 eiusdem
798 1909 935 1938 vnum
954 1910 1152 1938 annuum
1175 1896 1397 1939 redditum
1416 1898 1604 1939 duarum
1628 1911 1878 1940 mercarum
1894 1898 2064 1941 vsualis

251 1972 429 2008 monete
461 1965 606 2008 scocie
638 1967 691 2008 de
723 1965 831 2007 totis
863 1972 905 2007 et
938 1965 1123 2020 integris
1157 1965 1286 2008 terris
1318 1967 1371 2008 de
1404 1967 1607 2009 ordefork
1640 1981 1742 2009 cum
1776 1967 2063 2022 pertinenciis

253 2036 510 2079 Iacentibus
548 2035 591 2077 in
629 2035 826 2078 dominio
859 2037 912 2078 de
945 2036 1163 2078 meldrum
1202 2035 1315 2078 infra
1350 2036 1715 2079 vicecomitatum
1753 2038 1806 2079 de
1843 2039 2062 2080 aberdene

248 2123 385 2151 vnum
415 2122 614 2151 annuum
637 2107 859 2150 redditum
883 2107 1111 2150 trisdecim
1145 2107 1387 2150 solidorum
1417 2114 1460 2150 et
1489 2115 1680 2163 quatuor
1705 2109 1987 2152 denariorum
2010 2110 2063 2151 de

249 2186 366 2222 terra
388 2180 613 2234 quondam
634 2178 849 2221 Iohannis
871 2178 1044 2233 gregori
1070 2180 1250 2220 Iacente
1273 2178 1385 2220 infra
1408 2178 1577 2220 dictum
1603 2180 1791 2234 burgum
1810 2180 1863 2221 de
1881 2178 2062 2222 abirden

250 2250 294 2292 in
316 2250 414 2293 vico
437 2251 661 2293 furcarum
685 2264 737 2292 ex
759 2249 1025 2292 occidentali
1058 2256 1184 2304 parte
1215 2249 1414 2291 eiusdem
1436 2249 1522 2291 vici
1546 2249 1662 2291 inter
1683 2256 1848 2292 terram
1870 2249 2062 2292 WVaIteri

251 2322 398 2364 Wode
416 2335 468 2363 ex
485 2320 671 2363 australi
694 2326 820 2375 parte
843 2335 894 2362 ex
911 2333 998 2362 vna
1021 2326 1063 2362 et
1086 2326 1251 2362 terram
1272 2319 1487 2362 Iohannis
1504 2320 1662 2362 culane
1680 2334 1732 2362 ex
1749 2319 1915 2363 boreali
1936 2326 2063 2374 parte

250 2405 302 2433 ex
324 2390 466 2433 altera
482 2404 618 2432 vnum
642 2404 841 2433 annuum
863 2389 1105 2432 Redditum
1129 2389 1272 2432 decim
1296 2389 1539 2448 solidorum
1557 2390 1611 2432 de
1628 2389 1747 2432 dicta
1764 2396 1882 2432 terra
1904 2389 2061 2445 prefati

250 2460 442 2504 Walteri
464 2461 611 2504 Wode
633 2460 749 2504 inter
770 2467 935 2503 terram
959 2460 1198 2503 Alexandri
1230 2460 1471 2503 Mathoson
1495 2475 1548 2503 ex
1569 2460 1755 2504 australi
1777 2467 1903 2515 parte
1923 2475 2060 2503 vnum

251 2545 450 2573 annuum
472 2530 694 2574 redditum
714 2530 857 2574 decim
881 2530 1124 2573 solidorum
1142 2531 1195 2573 de
1213 2530 1332 2573 dicta
1349 2537 1467 2573 terra
1489 2529 1646 2585 prefati
1666 2529 1881 2573 Iohannis
1903 2530 2061 2573 culane

250 2599 366 2642 inter
386 2607 550 2644 terram
574 2600 707 2644 dauid
730 2607 829 2656 prat
853 2615 905 2643 ex
927 2599 1092 2643 boreali
1116 2606 1158 2642 et
1181 2606 1344 2643 terram
1375 2600 1482 2643 dicti
1504 2599 1697 2643 W‘alteri
1719 2601 1865 2643 Wode
1888 2614 1940 2642 ex
1962 2614 2060 2642 aus-

249 2670 350 2713 trali
387 2677 431 2713 et
467 2685 603 2713 vnum
641 2685 840 2714 annuum
881 2671 1123 2714 Redditum
1162 2686 1238 2713 sex
1275 2671 1517 2713 solidorum
1557 2677 1599 2713 et
1639 2676 1741 2712 octo
1778 2669 2059 2712 denariorum

248 2741 417 2784 vsualis
449 2748 627 2785 monete
663 2742 808 2785 scocie
845 2744 898 2785 de
935 2743 1129 2797 quadam
1171 2748 1288 2784 terra
1324 2741 1440 2784 vasti
1482 2748 1524 2783 et
1566 2739 1745 2796 penitus
1785 2739 2061 2794 inhospitata

246 2812 426 2866 jacente
448 2811 492 2853 in
514 2811 612 2855 vico
633 2812 762 2855 viridi
785 2828 837 2855 ex
860 2812 1025 2856 boreali
1048 2818 1173 2867 parte
1196 2813 1355 2854 domus
1376 2812 1563 2854 fratrum
1588 2809 1931 2854 Carmelitarum
1954 2808 2061 2851 dicti

252 2882 379 2938 burgi
400 2882 439 2925 T
444 2884 640 2927 enendos
662 2883 892 2927 habendos
914 2890 956 2925 et
980 2883 1273 2938 possidendos
1296 2897 1452 2925 omnes
1474 2889 1517 2924 et
1540 2881 1741 2936 singulos
1772 2894 1945 2923 annuos
1966 2880 2060 2922 red-

250 2952 369 2995 ditus
398 2968 522 2996 meos
551 2954 802 2997 antedictos
832 2968 933 2996 cum
965 2953 1056 2996 suis
1079 2953 1366 3008 pertinenciis
1394 2953 1565 3008 prefato
1592 2950 1772 2994 domino
1797 2951 1993 2993 Roberto
2017 2955 2059 2992 et

2091 553 2147 587 fol.
2171 553 2233 586 182
