2524 3418
444 311 565 354 CIV.

470 726 564 768 CV.

440 795 562 836 CVI.

416 932 563 974 CVII.

388 1143 562 1185 CVIII.

442 1283 564 1325 CIX.

473 1420 568 1463 CX.

447 1559 570 1603 CXI.

419 1697 569 1740 CXII.

393 1835 568 1878 CXIII.

400 1971 567 2015 CXIV.

431 2181 570 2224 CXV.

403 2320 570 2362 CXVI.

375 2668 570 2711 CXVII.

354 2809 574 2852 CXVIII.

981 177 1138 219 Tabula
1161 178 1318 219 Rerum

597 309 773 353 Tabula
815 309 1093 363 quorundam
1131 307 1346 352 ecclesiae
1383 309 1731 361 benefactorum,
1769 309 1886 354 vide·

712 378 830 429 licet,
858 377 1077 422 willelmi
1111 378 1280 431 Leitht,
1315 378 1466 422 Iacobi
1505 380 1662 435 Crage,
1693 380 1886 424 Cristine

711 447 751 489 le
805 448 987 501 Broyss‚
1033 446 1252 490 willelmi
1303 445 1516 502 Turinge,
1565 448 1783 503 Stephani
1834 450 1887 492 de

714 516 956 567 Manuelle,
982 515 1274 559 Berthilomei
1296 517 1351 559 de
1373 516 1650 571 Eglishame‚
1671 518 1888 561 Iohannis

712 586 994 637 Anstrother‚
1071 585 1290 629 Willelmi
1365 586 1593 638 Strabrok,
1672 587 1885 631 Richardi

714 653 990 697 Cementurii

599 723 760 767 Obitus
784 723 969 767 Roberti
988 724 1183 767 Schand.
1249 726 1358 779 1448
1747 758 1756 769 .

598 792 814 835 Dimissio
828 799 972 836 terrae
995 807 1021 836 a
1043 799 1198 836 curato
1220 799 1263 836 et
1286 793 1531 849 capellanis
1549 794 1670 837 chori
1685 796 1888 839 Andreae

713 862 932 906 Craufurd
946 870 989 905 et
1006 863 1281 906 Elizabeitht
1295 864 1412 919 King
1427 879 1618 919 sponsae
1633 880 1755 908 suae.
1777 877 1886 921 1539

596 930 772 974 Tabula
809 932 1005 974 secunda
1038 931 1255 974 ecclesiae
1287 932 1636 984 benefactorum,
1665 933 1886 985 videlicet,

715 1000 939 1044 Cristinae
982 1000 1179 1052 Cadiow,
1216 1002 1421 1045 Andreae
1462 1002 1702 1055 Alansone,
1742 1003 1887 1047 Eliza-

713 1071 838 1114 betht
862 1071 1079 1126 Blynseill

599 1142 790 1185 Rentale
819 1141 1021 1185 obituum
1049 1148 1092 1184 et
1118 1141 1523 1185 anniversariorum
1551 1143 1766 1187 ecclesiae
1792 1159 1888 1200 par-

714 1211 925 1255 rochialis
948 1211 1103 1255 Sancti
1127 1211 1350 1255 Nicholai.
1415 1225 1523 1268 1491

598 1283 719 1325 Nota
742 1283 796 1325 de
824 1282 1086 1325 fundatione
1109 1284 1164 1326 ab
1185 1282 1438 1326 Alexandro
1466 1284 1649 1327 Menzes
1671 1284 1892 1341 lampadis

716 1351 953 1406 pendentis
985 1357 1090 1394 ante
1123 1365 1351 1394 summum
1382 1352 1538 1395 altare.
1603 1355 1713 1409 1498
1748 1386 1757 1397 .

604 1419 830 1462 Fundatio
863 1419 1028 1463 missae
1060 1421 1114 1464 de
1146 1420 1298 1476 requie
1329 1435 1409 1477 pro
1440 1422 1672 1466 willelmo
1705 1424 1891 1480 Elphin-

716 1494 848 1531 stoun
866 1494 1038 1532 rectore
1060 1489 1113 1532 de
1136 1489 1238 1534 Clat
1262 1490 1317 1533 ad
1339 1490 1481 1534 altare
1500 1492 1694 1536 Sanctae
1723 1493 1893 1537 Maiiae

605 1557 822 1602 Dimissio
835 1565 979 1602 terrae
996 1559 1188 1603 Iohanni
1204 1560 1415 1604 Simsoun
1430 1576 1456 1605 a
1474 1568 1629 1606 curato
1643 1569 1686 1606 et
1702 1564 1892 1620 capella—

715 1626 800 1670 nis.
865 1639 973 1682 1505
1487 1663 1496 1673 .
1883 1667 1891 1676 .

603 1695 801 1739 Donatio
824 1702 978 1740 curato
1001 1703 1045 1740 et
1066 1697 1312 1753 capellanis
1337 1698 1460 1741 chori
1483 1713 1509 1742 a
1533 1699 1734 1744 Iohanne
1751 1665 1892 1746 ‘Maia

719 1766 829 1820 1538
1358 1800 1367 1811 .
1490 1801 1498 1811 .
1621 1802 1630 1812 .
1752 1803 1761 1813 .

602 1834 814 1878 Venditio
827 1840 972 1878 terrae
990 1835 1414 1880 IohanniWatsone
1432 1851 1457 1880 a
1475 1844 1630 1898 curato
1645 1844 1688 1882 et
1704 1839 1893 1895 capella-

720 1902 803 1945 nis.
869 1914 979 1958 1507
1355 1936 1365 1947 .
1619 1938 1628 1949 .
1751 1939 1761 1950 .

601 1971 740 2015 Carta
754 1977 947 2025 quatuor
960 1970 1203 2015 solidorum
1220 1972 1274 2015 de
1287 1978 1406 2016 terra
1425 1972 1644 2017 &villelmi
1656 1975 1893 2020 Gareuach

718 2041 774 2083 ad
807 2040 947 2084 altare
980 2041 1135 2085 Sancti
1170 2041 1355 2086 Niniani
1386 2042 1500 2087 infra
1532 2044 1768 2089 ecelesiam
1801 2061 1895 2102 per-

717 2109 960 2153 rochialem
983 2112 1037 2154 de
1058 2112 1304 2156 Aberdene.
1369 2124 1478 2169 1495
1884 2150 1893 2160 .

605 2181 642 2223 F
646 2180 830 2224 undatio
858 2182 1142 2236 Margaretae
1165 2183 1384 2227 Craufurd
1407 2190 1562 2227 curato
1584 2190 1627 2228 et
1650 2186 1895 2241 capellanis

720 2248 858 2292 chori.
922 2250 1032 2304 1508
1095 2282 1105 2292 .

606 2319 798 2363 Rentale
834 2318 926 2363 sive
963 2319 1132 2363 additio
1168 2320 1370 2364 obituum
1408 2328 1452 2364 et
1489 2321 1893 2367 anniversariorum

720 2404 799 2445 per
819 2391 1044 2446 quondam
1067 2391 1210 2434 bonae
1233 2392 1474 2436 memoriae
1496 2393 1668 2437 nobiles
1689 2395 1897 2450 providos

719 2466 762 2502 et
810 2460 1008 2504 famosos
1048 2475 1100 2505 ac
1143 2461 1360 2506 discretos
1399 2463 1518 2507 viros
1563 2464 1893 2520 assignatorum

720 2536 874 2574 curato
896 2536 940 2574 et
962 2531 1208 2587 capellanis
1230 2532 1445 2577 ecclesiae
1467 2534 1738 2589 parochialis
1765 2536 1895 2580 Beati

721 2599 929 2643 Nicholai
952 2602 1006 2644 de
1027 2602 1258 2645 Aberdene
1622 2637 1631 2648 .

604 2669 830 2713 Fundatio
854 2671 1072 2714 Iohannis
1090 2671 1385 2729 Baidenaugh
1403 2680 1558 2718 curato
1575 2680 1618 2718 et
1635 2676 1894 2730 capellanis.

723 2752 832 2794 1512
964 2774 974 2784 .
1359 2777 1368 2786 .

608 2809 770 2852 Obitus
794 2810 1010 2853 Iohannis
1034 2811 1298 2867 Baidenagh
1362 2845 1371 2854 .

1156 2885 1176 2912 c

1887 2848 1896 2856 -
1988 2826 2069 2871 245

1974 180 2061 222 xvii

1966 265 2058 289 PAGE

1877 688 1886 698 .
1977 657 2060 699 206

1878 759 1887 768 .
1979 739 2060 781 207

1978 879 2060 909 210

1981 1088 2062 1118 212

1879 1249 1888 1258 .
1980 1229 2062 1270 213

1879 1388 1888 1398 .
1981 1369 2063 1412 229

1982 1508 2065 1549 230

1984 1648 2066 1690 230

1883 1804 1892 1814 .
1984 1785 2063 1827 231

1984 1922 2067 1965 234

1986 2119 2068 2172 236

1885 2287 1894 2298 .
1986 2268 2068 2312 237

1885 2638 1894 2648 .
1986 2619 2069 2661 240

1986 2759 2068 2801 242
