2524 3418
978 313 1231 365 Fragmenta
1956 321 2007 362 31

204 527 1741 542 .......................
1809 527 1817 537 .
1851 508 1904 537 ex
1925 508 2011 537 vna

857 612 1108 655 Intermedz'cz
1128 616 1228 669 pars
1258 611 1362 654 deest

206 735 352 777 Waus
377 731 540 774 Ricard
563 732 616 773 de
642 729 801 771 Kintor
824 729 966 771 Iohan
1033 759 2010 769 ...............

205 804 428 845 malcomo
451 802 590 856 dakyr
610 814 697 842 vno
721 799 1026 842 seriandorum
1100 829 2011 841 ..............

206 880 248 916 et
274 871 464 926 Rogatis

332 1141 581 1185 MNIBUS
603 1140 719 1184 hanc
743 1147 914 1185 cartam
965 1175 2017 1186 ................

389 1212 592 1254 Salutem
617 1211 847 1255 Noueritis
895 1245 2017 1256 .................

208 1282 371 1326 dilecto
394 1282 628 1338 capellano
651 1297 751 1325 meo
832 1316 2017 1328 ..................

207 1352 541 1396 successoribus
562 1352 762 1396 eiusdem
785 1353 941 1397 altaris
970 1386 2016 1397 ................

205 1428 280 1465 tur
301 1423 357 1465 ad
379 1421 549 1466 dictum
573 1422 713 1466 altare
759 1456 2016 1467 ...................

207 1491 429 1536 redditum
453 1493 712 1536 octodecem
757 1525 2017 1536 ...................

206 1568 325 1606 terra
347 1568 501 1606 nostra
525 1564 707 1606 Iacente
730 1563 785 1606 ad
807 1562 943 1606 finem
966 1597 2018 1608 ................

206 1639 250 1676 et
271 1639 438 1677 terram
461 1633 675 1677 heredum
699 1634 926 1688 quondam
969 1667 2019 1678 ................

207 1703 354 1747 oriens
376 1710 419 1747 et
442 1704 651 1747 occidens
675 1705 790 1747 Item
827 1737 2017 1747 ..................

202 1775 430 1830 jacentem
454 1776 536 1818 sub
558 1775 598 1818 le
621 1774 890 1818 hedomshill
970 1807 2019 1817 ................

208 1851 333 1900 parte
356 1852 399 1889 et
420 1851 586 1889 terram
609 1845 850 1889 Alexandri
872 1845 1062 1889 houison
1108 1879 2019 1889 ..............

207 1915 407 1960 redditus
429 1931 532 1960 cum
556 1915 649 1959 suis
671 1915 959 1972 pertinenciis
1039 1949 2018 1959 ...............

208 1987 338 2032 dibus
359 1986 488 2030 meiis
510 1993 553 2031 et
576 1987 688 2030 meis
710 1986 952 2043 assignatis
1040 2018 2016 2030 ...............

206 2056 381 2101 fundati
404 2071 482 2112 per
503 2057 728 2112 quondam
751 2058 864 2101 bone
886 2071 1005 2100 mem
1040 2089 2017 2100 ...............

208 2128 424 2171 leuandos
447 2128 502 2171 ad
525 2128 637 2171 duos
660 2127 765 2170 anni
787 2127 1003 2171 terminos
1037 2159 2016 2170 ...............

208 2197 469 2254 perequales
491 2197 725 2253 porciones
747 2198 807 2242 lib
834 2230 1740 2241 ..............
1788 2212 1811 2241 ·.
1871 2231 1879 2240 .
1940 2231 1947 2240 .
2008 2232 2016 2241 .

209 2267 502 2311 reuocacione
524 2268 707 2323 aliquali
732 2270 792 2312 Et
830 2301 2017 2312 ..................

209 2344 252 2381 et
275 2338 363 2381 mei
386 2337 603 2393 assignati
625 2339 744 2382 dicto
832 2372 2018 2383 ..................

209 2408 390 2452 domino
414 2410 611 2452 Roberto
635 2410 741 2453 Leis
830 2442 2019 2453 ..................

209 2486 352 2523 terras
373 2486 552 2524 nostras
573 2480 687 2524 infra
759 2512 2020 2524 ...................

210 2557 278 2594 est
300 2557 455 2594 contra
477 2565 567 2594 ann
623 2581 2020 2594 .....................

210 2622 371 2664 domus
394 2623 447 2664 In
470 2621 597 2665 euius
625 2651 2021 2664 .....................

211 2691 368 2746 Sigillo
416 2720 2021 2735 ........................

211 2761 360 2805 sasine
418 2791 2022 2805 ........................

211 2839 315 2876 sunt
338 2847 394 2888 ap
485 2862 2026 2876 .......................

864 2950 890 2992 I
891 2936 1118 2993 ntermedicz
1142 2953 1243 3007 pars
1265 2948 1369 2991 deest
