2524 3418
551 244 617 284 xvi

612 373 868 415 LXXXVI.

585 510 864 552 LXXXVII.

556 579 861 621 LXXXVIII.

611 716 865 771 Lxxxm.

771 855 866 897 xc.

739 924 861 966 xm.

714 992 862 1035 xcn.

690 1131 864 1174 xcm.

699 1270 864 1312 XCIV.

727 1408 849 1450 XCV
856 1439 865 1448 .

698 1477 820 1519 XCV
829 1478 863 1518 Ι.

674 1614 866 1658 XCVII.

651 1753 870 1797 XCVIII.

699 1893 866 1936 XCIX.

815 2031 866 2074 C.

790 2241 866 2283 CI.

765 2377 867 2418 C11.

737 2515 866 2557 CIII.

1281 240 1437 281 Tabula
1470 241 1623 282 Rerum

900 372 1035 414 Carta
1071 369 1345 411 seudifirmae
1384 369 1598 412 Iohannis
1629 371 1755 413 Vaus
1784 372 1838 413 de
1872 377 1988 414 terra
2020 386 2100 414 sua
2130 371 2174 414 in

1009 438 1107 480 vico
1128 437 1255 479 viridi
1273 437 1452 491 jacente
1515 470 1523 479 .

902 506 1116 549 Dimissio
1137 506 1380 548 tenementi
1403 520 1429 549 a
1451 514 1604 549 curato
1625 515 1668 549 et
1691 509 1947 562 capellanis.
2012 522 2120 563 1530
2165 543 2173 552 .

898 575 1093 617 Donatio
1126 582 1280 617 curato
1316 582 1358 617 et
1393 575 1637 630 capellanis
1672 590 1698 619 a
1737 577 1929 619 Patricio
1963 578 2174 621 Gordoun

1010 652 1242 686 executore
1278 644 1491 686 Iohannis
1525 646 1720 700 Murray.
1784 657 1893 701 1529

899 713 1039 768 Copia
1065 720 1216 756 cartae
1239 713 1515 756 feudifirmae
1537 714 1764 758 consectae
1789 717 1992 759 Andreae
2015 717 2174 772 Durty.

1012 795 1119 836 1532
1513 816 1521 824 .
1643 817 1652 825 .
1905 818 1913 826 .
2035 819 2042 826 .

901 852 1125 895 Fundatio
1148 852 1335 894 Davidis
1359 853 1558 895 Menzeis
1577 854 1834 909 capellanis.
1898 856 2007 909 1528
2035 888 2043 897 .

897 921 1118 964 Fundatio
1143 923 1424 977 Margaretae
1447 923 1658 966 Chalmer
1683 924 1939 979 capellanis.
2004 937 2112 978 1530
2165 957 2173 966 .

896 992 931 1032 F
936 990 1119 1033 undatio
1147 991 1334 1033 Davidis
1364 992 1625 1034 Andersoun
1657 999 1811 1036 curato
1841 999 1884 1035 et
1916 992 2173 1047 capellanis.

1013 1060 1121 1113 1536
1513 1093 1522 1102 .
1644 1094 1652 1102 .
1774 1094 1782 1102 .
1905 1094 1913 1103 .
2035 1095 2043 1103 .
2165 1095 2173 1104 .

900 1129 1122 1172 Fundatio
1153 1129 1357 1172 Thomae
1383 1130 1528 1173 &Vaus
1549 1132 1604 1173 ad
1637 1131 1776 1174 altare
1800 1131 1953 1174 Sancti
1978 1131 2174 1174 Martini,

1013 1199 1123 1252 1480
1644 1233 1652 1240 .
1905 1234 1913 1242 .
2035 1234 2043 1242 .
2165 1234 2173 1242 .

898 1269 1033 1311 Carta
1056 1267 1309 1310 donationis
1332 1268 1549 1311 willelmi
1573 1271 1761 1324 Cowpar
1791 1277 1944 1313 curato
1967 1277 2009 1312 et
2032 1270 2174 1325 capel·

1010 1337 1138 1380 lanis.
1203 1338 1312 1391 1538
1381 1371 1390 1380 .
1513 1372 1520 1380 .
1775 1372 1783 1380 .
1904 1372 1913 1381 .

899 1407 1035 1450 Carta
1057 1406 1310 1448 donationis
1334 1407 1523 1449 Dauidis
1544 1373 1728 1450 Wauss.
1792 1419 1901 1463 1539

898 1475 1095 1518 Donatio
1133 1475 1317 1518 Henrici
1354 1477 1408 1519 de
1445 1477 1611 1531 Leytht
1652 1479 1706 1520 de
1748 1477 1910 1520 Barnis
1945 1478 2000 1520 ad
2037 1477 2177 1520 altare

1013 1546 1280 1588 Sanctorum
1305 1546 1535 1588 Laurentii
1557 1553 1600 1588 et
1624 1546 1821 1589 Niniani.
1885 1559 1990 1601 1441
2036 1579 2046 1589 .

899 1613 1035 1656 Carta
1061 1612 1335 1656 fundationis
1365 1614 1549 1656 Henrici
1575 1615 1628 1657 de
1655 1615 1822 1670 Leytht
1850 1616 1904 1658 de
1936 1615 2098 1658 Barnis
2123 1579 2177 1658 ad

1012 1682 1154 1725 altare
1185 1683 1452 1725 Sanctorum
1481 1683 1712 1726 Laurentii
1737 1691 1781 1727 et
1808 1684 2174 1739 Niniani.1441

904 1753 1042 1796 Carta
1087 1752 1341 1795 donationis
1393 1753 1577 1796 Henrici
1619 1755 1672 1796 de
1715 1754 1881 1809 Leytht
1931 1755 1986 1797 ad
2037 1754 2177 1797 altare

1013 1823 1278 1865 Sanctorum
1303 1823 1533 1865 Laurentii
1556 1830 1598 1866 et
1623 1823 1820 1867 Niniani.
1884 1836 1993 1878 1444
2037 1856 2046 1865 .

900 1892 1037 1936 Carta
1058 1891 1313 1935 donationis
1340 1891 1547 1935 Nicholai
1580 1894 1774 1936 Baxstar
1794 1899 1948 1936 curato
1969 1899 2012 1936 et
2034 1892 2176 1948 capel-

1012 1960 1142 2004 lanis.
1205 1972 1313 2016 1527
1385 1994 1394 2003 .
1777 1996 1785 2004 .

899 2031 1161 2074 Commune
1198 2031 1390 2074 Rentale
1437 2032 1767 2086 capellanorum
1817 2031 2030 2074 ecclesiae
2075 2031 2178 2073 Divi

1017 2100 1224 2144 Nicholai
1266 2102 1320 2143 de
1360 2102 1590 2144 Aberdene
1635 2102 1688 2144 de
1732 2101 1892 2145 annuis
1934 2101 2178 2144 redditibus

1013 2170 1179 2213 eisdem
1208 2170 1445 2213 infeodatis
1516 2203 1525 2212 .

901 2239 1116 2282 Dimissio
1138 2248 1280 2283 terrae
1303 2240 1465 2283 Davidi
1484 2242 1584 2284 Mar
1605 2256 1630 2284 a
1654 2204 1826 2284 Davide
1846 2242 2016 2284 Wauss
2036 2241 2179 2296 capel-

1014 2308 1116 2350 lano
1143 2308 1298 2350 altaris
1323 2309 1558 2363 hospitalis
1581 2309 1734 2352 Sancti
1755 2309 1794 2351 T
1799 2309 1959 2352 homae
1985 2308 2180 2352 martiris

901 2377 1038 2419 Carta
1049 2376 1324 2419 feudifirmae
1337 2377 1476 2420 totius
1489 2377 1733 2419 tenementi
1746 2377 1900 2420 altaris
1916 2378 2045 2421 Beati
2063 2378 2180 2420 Petri

1016 2460 1093 2500 per
1115 2446 1334 2489 Davidem
1357 2448 1503 2489 Waus
1525 2447 1806 2501 capellanum

902 2515 1072 2558 Littera
1093 2530 1268 2558 annuae
1290 2516 1517 2571 pensionis
1539 2531 1614 2559 sex
1636 2531 1886 2560 marcarum
1902 2517 2021 2560 facta
2037 2517 2181 2573 capel-

1015 2584 1130 2627 lanis
1151 2585 1272 2627 chori
1294 2585 1508 2628 ecclesiae
1530 2586 1684 2629 Sancti
1708 2585 1914 2630 Nicholai
1930 2585 2064 2629 huius
2084 2587 2182 2629 bur-

1015 2651 1058 2706 gi
1081 2666 1158 2706 per
1178 2653 1453 2708 prepositum
1479 2653 1666 2697 ballivos
1693 2654 1901 2697 consules
1920 2661 1963 2697 et
1985 2669 2181 2697 commu-

1017 2722 1204 2765 nitatem
1233 2723 1430 2766 eiusdem
1456 2725 1511 2767 de
1542 2723 1809 2767 molendinis
1835 2724 2071 2780 justiciarii
2103 2738 2181 2779 pro

1018 2791 1315 2834 celebratione
1350 2799 1393 2835 et
1427 2793 1752 2836 sustentatione
1783 2794 1947 2836 missae
1987 2793 2182 2848 corporis

1020 2860 1186 2905 Christi
1209 2861 1330 2903 omni
1352 2862 1459 2906 feria
1481 2864 1675 2906 secunda

2255 339 2347 362 PAGE

2268 442 2343 483 161

2267 511 2345 552 162

2266 649 2347 702 164

2266 786 2345 841 167

2267 855 2347 910 169

2267 936 2347 979 170

2267 1074 2345 1117 172

2266 1213 2347 1256 174

2267 1351 2346 1394 Ῑ77

2268 1409 2349 1451 180

2268 1547 2347 1590 182

2269 1685 2349 1739 183

2269 1823 2350 1878 184

2269 1962 2349 2016 187

2270 2171 2350 2225 189

2268 2321 2351 2351 200

2270 2458 2351 2489 202

2272 2874 2354 2917 204
