2524 3418
475 1154 533 1195 II.

444 1224 533 1266 III.

453 1363 532 1406 IV.

453 1711 536 1753 VI.

428 1922 536 1964 VII.

401 1991 536 2034 VIII.

457 2132 538 2174 IX.

452 2342 534 2384 XI.

432 2482 541 2523 XII.

404 2621 540 2663 XIII.

417 2761 543 2803 XIV.

443 2831 543 2872 XV.

767 826 1105 878 TABULA
1170 819 1459 871 RERUM

567 1013 636 1054 De
672 1006 832 1063 legatis
869 1019 894 1048 a
932 1002 1047 1046 Iulio
1089 1002 1281 1044 Caesare
1323 997 1472 1040 missis
1515 997 1569 1039 ad
1611 996 1846 1038 Scotorum

678 1091 805 1132 reges
846 1080 889 1116 et
932 1071 1159 1114 Pictorum

568 1153 636 1193 De
667 1144 893 1202 responsis
918 1156 1070 1186 eorum
1094 1153 1248 1194 regum
1275 1135 1538 1180 litteratorie
1565 1133 1679 1177 Iulio
1702 1131 1851 1175 missis

567 1218 705 1274 Regis
762 1212 961 1258 Eduardi
1017 1207 1295 1254 renunciatio
1352 1203 1677 1261 superioritatis
1727 1201 1849 1257 regni

680 1285 874 1330 Scotiae.
938 1282 1048 1336 1328

565 1358 707 1414 Copia
727 1357 902 1399 litterae
924 1352 1071 1407 regiae
1088 1351 1141 1394 de
1163 1345 1468 1402 redemptione
1491 1350 1724 1388 custumae
1743 1339 1849 1383 salis

679 1434 723 1471 et
751 1425 934 1482 pellium
962 1434 1202 1466 concessae
1230 1432 1307 1474 per
1336 1417 1549 1460 Iacobum
1577 1412 1849 1456 Secundum.

684 1508 792 1553 1452
1181 1522 1191 1532 .
1313 1520 1323 1530 .

570 1567 744 1612 Littera
766 1561 1021 1608 donationis
1042 1567 1184 1603 terra1
1187 1572 1262 1601 um
1285 1558 1339 1600 de
1357 1557 1527 1610 Crovys
1544 1567 1621 1609 per
1639 1552 1852 1595 Iacobum

684 1633 904 1684 Tertium,
929 1633 1166 1674 Scotorum
1190 1641 1356 1682 regem.
1421 1625 1529 1679 1465
1579 1655 1589 1665 .

572 1709 929 1751 Instrumentum
966 1702 1020 1744 de
1060 1697 1300 1742 traditione
1335 1694 1511 1738 sasinae
1546 1698 1765 1735 terrarum
1802 1689 1856 1731 de

684 1774 812 1820 Crois
857 1773 902 1816 in
955 1767 1340 1815 confirmationem
1387 1763 1504 1820 regis
1549 1768 1592 1806 et
1637 1759 1856 1803 infestum.

686 1846 796 1901 1466

569 1916 780 1961 Venditio
802 1921 1019 1958 terrarum
1043 1913 1096 1954 de
1120 1908 1263 1954 Crois.
1327 1917 1436 1960 1459

570 1984 864 2032 Confirmatio
905 1981 1022 2037 regis
1064 1980 1183 2022 facta
1227 1974 1419 2020 Iohanni
1464 1975 1719 2016 Banerman
1761 1970 1858 2011 bur-

682 2055 808 2112 gensi
831 2056 884 2097 de
906 2053 1136 2096 Aberdene
1159 2062 1291 2103 super
1310 2053 1452 2089 terras
1474 2044 1528 2086 de
1551 2040 1710 2086 Croffis

572 2125 869 2172 Enumeratio
892 2121 1107 2166 ecclesiae
1133 2119 1478 2163 benefactorum.
1543 2112 1727 2167 1340-62

570 2201 708 2243 Carta
729 2194 949 2241 Willelmi
973 2192 1164 2235 Scherar
1185 2188 1290 2232 olim
1318 2183 1530 2242 prepositi
1553 2184 1606 2226 de
1628 2179 1859 2223 Aberdene

571 2270 860 2323 Fragmenta,
883 2264 1004 2306 Α-Ι
1059 2294 1068 2304 .
1454 2287 1463 2296 .

569 2337 794 2382 Fundatio
810 2336 849 2378 T
854 2335 958 2377 hom
964 2347 1016 2375 ae
1034 2333 1140 2374 Prat
1163 2330 1219 2372 ad
1236 2328 1376 2371 altare
1396 2327 1639 2367 Beatorum
1657 2281 1861 2362 Tliomae

688 2405 878 2463 apostoli
901 2411 944 2447 et
969 2401 1149 2457 Georgii
1173 2396 1396 2453 martyris.
1462 2406 1569 2449 1491

575 2476 799 2522 Fundatio
823 2473 977 2518 altaris
1004 2474 1274 2515 Sanctorum
1304 2463 1498 2520 Crispini
1525 2469 1568 2505 et
1592 2454 1862 2514 Crispiniani

688 2561 714 2589 a
738 2545 939 2588 Iohanne
963 2542 1124 2585 Stoker
1195 2571 1204 2581 .

574 2616 799 2661 Fundatio
844 2613 999 2658 altaris
1041 2612 1311 2654 Sanctorum
1352 2605 1557 2647 Thomae
1594 2595 1784 2654 apostoli
1820 2600 1863 2636 et

690 2685 871 2741 Georgii
903 2681 1114 2738 martyris
1147 2695 1172 2723 a
1203 2679 1382 2720 Thoma
1416 2675 1522 2716 Prat
1589 2703 1598 2712 .

577 2757 743 2800 Xltaris
766 2758 960 2800 Sanctae
984 2751 1141 2797 Crucis
1163 2753 1425 2805 apparatus.
1491 2741 1600 2796 1498

577 2827 718 2882 Copia
759 2833 908 2868 cartae
949 2819 1224 2865 fundationis
1266 2814 1422 2860 altaris
1470 2808 1624 2855 Sancti
1667 2801 1861 2848 Niniani.

692 2908 802 2949 1490

1929 957 2021 981 PAGE
