2524 3418
510 338 591 380 208
1047 335 1191 375 Obitus
1225 333 1416 387 magistri
1445 333 1594 387 robertj
1623 333 1776 374 schand

511 452 803 505 excogitando
819 452 932 504 quod
951 463 1105 490 omnes
1124 447 1341 489 stabimus
1358 454 1461 489 ante
1479 447 1672 489 tribunal
1691 447 1856 502 dominj
1876 449 2014 490 nostri
2035 450 2136 491 Iesu
2155 449 2309 492 christi

511 530 638 576 prout
670 522 713 562 in
744 533 922 573 corpore
953 519 1083 559 modo
1105 516 1298 558 viuimus
1325 517 1377 558 de
1402 515 1533 557 factis
1562 516 1750 571 proprijs
1778 516 2002 559 racionem
2029 518 2237 572 redditurj
2267 524 2309 561 et

510 590 745 644 vnicuique
769 590 975 630 reddetur
999 586 1188 640 (psalmo
1215 586 1286 635 61)
1311 584 1433 626 iuxta
1455 599 1588 639 opera
1612 599 1692 627 sua
1723 587 1898 627 Bonum
1926 593 1992 628 est
2024 587 2165 641 Igitur
2192 587 2309 629 diem

511 659 692 700 extremi
726 657 881 710 Iudicij
908 655 1113 710 operibus
1143 653 1440 695 misericordie
1463 654 1692 708 preuenire
1715 654 1778 696 sic
1801 661 1848 696 ut
1871 655 2092 697 seminata
2114 655 2158 697 in
2181 655 2311 697 terris

511 727 744 782 multiplici
778 727 921 768 fructu
955 725 1161 779 colligere
1192 724 1423 766 valeamus
1455 723 1498 765 in
1531 724 1638 766 celis
1671 725 1730 766 Et
1763 725 1995 779 presertim
2024 725 2068 767 in
2098 725 2184 780 pijs
2215 740 2310 768 ora-

510 797 710 839 cionibus
739 794 1004 837 celibrandis
1034 802 1075 836 et
1108 793 1390 835 eleemosinis
1418 792 1461 833 in
1489 799 1606 835 terra
1634 793 1879 835 tribuendis
1912 795 2025 837 Cum
2059 809 2136 849 per
2160 794 2310 837 elimo-

510 866 651 907 sinam
676 872 860 919 peccata
890 863 1053 906 dimitti
1083 863 1304 905 credimus
1333 868 1374 904 et
1403 862 1541 904 vitam
1572 868 1769 904 eternam
1800 862 1955 905 exinde
1981 866 2074 918 (per
2102 863 2308 906 meritum

509 934 678 984 christi)
708 933 916 987 consequj
946 933 1066 974 haud
1092 932 1222 974 dubie
1249 946 1481 986 speramus
1510 932 1590 973 hec
1618 932 1891 986 approbante
1913 932 2104 975 veridico
2130 933 2310 976 domino

508 1012 658 1046 nostro
702 1005 803 1046 Iesu
847 1003 1012 1045 christo
1053 1002 1253 1044 veritatis
1294 1008 1418 1056 patre
1462 1001 1635 1044 dicente
1682 1003 1783 1044 date
1830 1002 2144 1045 eleemosinam
2195 1003 2310 1055 (luce

508 1075 718 1124 secundo)
749 1072 970 1128 Quoniam
999 1071 1268 1114 eleemosina
1296 1072 1350 1113 ab
1377 1071 1496 1125 omnj
1527 1077 1710 1125 peccato
1737 1077 1779 1113 et
1803 1077 1944 1113 morte
1970 1072 2126 1114 liberat
2152 1077 2195 1114 et
2221 1086 2309 1114 non

508 1143 701 1197 patietur
737 1142 934 1184 animam
972 1141 1033 1182 ire
1068 1141 1114 1182 in
1146 1141 1353 1182 tenebras
1388 1140 1576 1191 (Thobie
1613 1140 1891 1191 duodecimo)
1927 1143 2056 1195 Aqua
2092 1140 2309 1196 extinguit

510 1213 665 1265 Ignem
696 1218 738 1253 et
768 1210 1037 1252 eleemosina
1069 1209 1234 1251 resistit
1266 1209 1462 1264 peccatis
1494 1209 1800 1260 (ecclesiastici
1832 1210 1979 1261 tertio)
2012 1211 2204 1252 Peccata
2231 1216 2309 1252 tua

508 1280 788 1322 eleemosinis
810 1279 976 1321 redime
998 1278 1201 1330 (danielis
1219 1281 1392 1332 quarto)
1420 1279 1525 1320 Sola
1543 1278 1811 1321 eleemosina
1829 1286 1894 1321 est
1913 1294 2062 1321 comes
2084 1279 2310 1322 defuncto-

507 1364 604 1391 rum
643 1349 783 1402 inquit
822 1349 952 1391 diuus
988 1348 1238 1391 ambrosius
1274 1347 1483 1390 Plurimis
1517 1348 1651 1390 etiam
1691 1348 1804 1390 sacri
1839 1348 1999 1403 eloquij
2038 1348 2310 1403 testimonijs

510 1420 625 1460 Illud
663 1433 791 1473 posse
829 1418 1105 1472 comprobari
1143 1423 1319 1460 constat
1358 1417 1586 1459 Noueritis
1623 1432 1692 1459 me
1731 1418 1873 1472 Igitur
1908 1418 1952 1459 in
1990 1419 2202 1460 honorem
2240 1417 2309 1460 dei

507 1488 826 1542 omnipotentis
868 1487 1057 1542 gloriose
1093 1486 1276 1541 virginis
1313 1486 1450 1528 marie
1487 1486 1684 1528 eiusdem
1726 1487 1952 1541 genitricis
1988 1487 2187 1529 omnium
2226 1502 2310 1542 que

508 1565 764 1600 sanctorum
788 1572 865 1612 pro
892 1558 1034 1599 salute
1061 1557 1207 1598 anime
1235 1571 1331 1598 mee
1354 1562 1589 1611 parentum
1613 1563 1654 1598 et
1682 1557 2012 1599 benefactorum
2040 1571 2238 1598 meorum
2266 1562 2309 1598 et

509 1628 692 1669 Illorum
724 1626 923 1668 omnium
957 1641 982 1668 a
1012 1626 1171 1680 quibus
1204 1625 1352 1679 aliqua
1386 1626 1500 1667 bona
1533 1624 1681 1667 minus
1711 1626 1834 1667 Iuste
1866 1625 1998 1680 habuj
2035 1632 2077 1667 et
2109 1625 2308 1667 omnium

507 1696 703 1738 fidelium
745 1696 1054 1737 defunctorum
1091 1695 1264 1737 dedisse
1301 1694 1575 1736 concessisse
1611 1700 1654 1736 et
1690 1694 1734 1735 in
1772 1709 1928 1749 puram
1965 1701 2008 1736 et
2050 1700 2309 1749 perpetuam

507 1765 786 1807 elimosinam
819 1765 1039 1806 dimisisse
1073 1765 1259 1806 Necnon
1291 1771 1443 1806 tenore
1475 1763 1748 1818 presentium
1783 1765 1886 1806 dare
1918 1765 2159 1806 concedere
2189 1770 2233 1806 et
2264 1763 2309 1805 in

507 1849 662 1889 puram
691 1840 732 1875 et
762 1841 1021 1889 perpetuam
1052 1833 1369 1875 eleemosinam
1399 1832 1621 1875 dimittere
1647 1839 1690 1875 et
1719 1833 1803 1875 hac
1826 1840 2030 1888 presente
2059 1839 2182 1876 carta
2209 1847 2310 1875 mea

507 1904 770 1946 confirmare
806 1903 1132 1945 venerabilibus
1168 1908 1211 1944 et
1253 1902 1457 1945 discretis
1492 1901 1598 1944 viris
1631 1908 1786 1944 curato
1822 1909 1865 1945 et
1903 1902 2146 1957 capellanis
2187 1901 2310 1944 chori

507 1973 692 2015 ecclesie
722 1972 989 2027 parochialis
1017 1972 1133 2027 beatj
1167 1972 1326 2027 nicolaj
1362 1973 1415 2014 de
1448 1971 1656 2015 abirdene
1688 1978 1730 2014 et
1763 1972 1855 2014 suis
1880 1971 2211 2014 successoribus
2239 1986 2308 2014 ca-

507 2041 696 2096 pellanis
724 2041 829 2084 dicti
859 2041 980 2083 chori
1003 2041 1330 2096 imperpetuum
1353 2047 1498 2083 totum
1521 2047 1564 2083 et
1587 2040 1808 2096 integrum
1830 2055 1966 2083 vnum
1993 2055 2192 2084 annuum
2215 2041 2308 2083 red-

507 2111 647 2153 ditum
679 2125 827 2153 meum
853 2111 1007 2165 vigintj
1040 2125 1116 2153 sex
1148 2111 1390 2153 solidorum
1423 2117 1465 2153 et
1497 2116 1598 2153 octo
1626 2110 1906 2153 denariorum
1936 2110 2103 2153 vsualis
2132 2116 2309 2152 monete

506 2180 628 2235 regnj
654 2180 791 2222 scotie
814 2180 1045 2222 annuatim
1070 2180 1311 2222 leuandum
1334 2186 1376 2222 et
1399 2179 1732 2234 percipiendum
1755 2181 1810 2222 ad
1833 2181 1943 2222 duos
1965 2180 2068 2234 annj
2092 2179 2308 2222 terminos

506 2250 684 2291 vsuales
706 2249 976 2304 penticostes
992 2249 1197 2291 videlicet
1221 2256 1263 2291 et
1287 2249 1430 2291 sancti
1453 2249 1630 2303 martinj
1651 2249 1695 2290 in
1718 2249 1876 2304 hyeme
1899 2263 1976 2304 per
1996 2249 2176 2303 equales
2197 2250 2308 2291 duas

508 2318 677 2360 medias
706 2318 930 2372 portiones
958 2319 1011 2360 de
1039 2325 1134 2360 tota
1164 2325 1207 2360 et
1236 2318 1408 2372 integra
1439 2318 1522 2360 Illa
1544 2324 1660 2360 terra
1686 2317 1892 2360 interiore
1920 2324 1962 2360 et
1992 2324 2087 2360 orto
2109 2317 2307 2360 eiusdem

508 2387 755 2442 pertinente
784 2389 1007 2441 quondam
1042 2387 1281 2429 alexandro
1309 2393 1518 2429 wentoun
1553 2401 1654 2429 cum
1689 2386 1782 2429 suis
1809 2386 2094 2441 pertinenciis
2128 2388 2308 2429 Iacente

507 2456 619 2498 infra
637 2456 804 2498 dictum
823 2457 1010 2511 burgum
1028 2456 1072 2497 in
1086 2456 1184 2499 vico
1201 2457 1424 2499 furcarum
1443 2470 1495 2497 ex
1512 2455 1713 2510 orientalj
1734 2462 1858 2510 parte
1875 2455 2072 2497 eiusdem
2089 2455 2173 2510 vicj
2194 2455 2309 2497 inter

507 2532 670 2567 terram
690 2526 912 2579 quondam
935 2526 1088 2567 thome
1111 2526 1290 2568 scherar
1312 2540 1364 2567 ex
1386 2525 1549 2580 borealj
1575 2539 1627 2566 ex
1647 2539 1734 2566 vna
1756 2531 1921 2567 terram
1943 2524 2126 2579 villelmj
2151 2538 2308 2566 carnes

507 2608 560 2636 ex
585 2594 769 2648 australj
799 2594 1000 2648 partibus
1025 2595 1080 2637 ab
1109 2595 1249 2638 altera
1273 2601 1438 2637 terram
1465 2593 1730 2636 anteriorem
1757 2593 1863 2636 dicti
1888 2594 2130 2649 tenementj
2154 2607 2308 2636 versus

508 2663 715 2705 occidens
741 2670 783 2705 et
817 2677 1100 2706 communem
1134 2665 1251 2706 viam
1287 2664 1454 2719 regiam
1488 2677 1642 2705 versus
1678 2663 1824 2705 oriens
1857 2663 2226 2706 TENENDUM
2264 2669 2306 2705 et

508 2732 760 2774 habendum
778 2739 923 2774 totum
946 2740 988 2775 et
1011 2733 1231 2788 integrum
1255 2733 1422 2776 dictum
1441 2747 1640 2775 annuum
1657 2731 1877 2774 redditum
1896 2747 1998 2774 curn
2020 2731 2307 2787 pertinenciis

509 2801 689 2855 prefatis
707 2809 860 2843 curato
884 2808 925 2843 et
949 2802 1193 2856 capellanis
1211 2809 1253 2844 et
1272 2817 1423 2844 eorum
1447 2801 1777 2844 successoribus
1795 2801 2038 2856 capellanis
2055 2800 2160 2843 dicti
2182 2800 2303 2855 chorj

507 2872 544 2912 A
568 2885 637 2912 me
660 2870 894 2912 heredibus
922 2878 965 2913 et
993 2871 1234 2925 assignatis
1262 2871 1372 2913 meis
1394 2873 1447 2913 de
1469 2885 1677 2925 suprema
1703 2870 1882 2913 domina
1907 2876 2060 2912 nostra
2085 2869 2237 2924 regina
2262 2875 2305 2912 et

509 2939 600 2980 suis
623 2939 952 2982 successoribus
977 2940 1154 2994 regibus
1177 2955 1254 2982 seu
1276 2940 1440 2995 reginis
1464 2940 1601 2982 scotie
1629 2941 1681 2982 In
1706 2939 1834 2982 feodo
1856 2938 2122 2994 patrimonio
2144 2944 2187 2981 et
2209 2952 2306 2993 pro-
