2524 3418
220 1187 280 1218 hec
297 1193 383 1218 terra
395 1198 483 1220 nunc

218 1238 348 1271 spectat

218 1274 416 1306 hereditarie

221 1317 363 1359 Iohannj

216 1361 347 1392 rolland

217 1403 268 1433 vio
286 1404 395 1446 martij

219 1448 300 1477 1606
320 1448 406 1478 Now

217 1500 320 1530 payes
336 1491 439 1531 yerlie

215 1533 282 1564 this
296 1545 338 1564 xx
352 1534 480 1567 solidos

531 307 611 360 238
1072 309 1283 350 Fundatio
1314 315 1541 363 margarete
1573 311 1786 366 Crauficrd

527 422 695 464 vsualis
717 431 894 465 monete
916 423 1070 465 Scocie
1093 438 1144 464 ex
1168 438 1266 465 meo
1293 425 1469 479 proprio
1492 433 1736 480 conquestu
1759 433 2066 481 recuperatum
2096 427 2327 469 annuatim

529 499 762 533 exeuntem
788 499 829 533 et
854 493 1091 533 leuandum
1115 493 1167 533 de
1190 493 1325 534 fundo
1355 493 1499 535 tocius
1521 501 1563 535 et
1596 494 1765 549 integre
1796 502 1910 537 terre
1941 495 2162 538 interioris
2193 495 2326 538 dauid

526 560 708 602 theman
747 561 952 602 aurifabri
991 561 1224 615 burgensis
1260 562 1365 603 dicti
1404 563 1528 617 burgj
1567 565 1747 606 Iacente
1783 564 1895 606 infra
1932 566 2119 607 eundem
2153 564 2197 606 in
2225 564 2323 607 vico

524 631 689 671 caustri
733 646 783 672 ex
827 631 1010 672 australi
1053 638 1177 685 parte
1223 631 1419 673 eiusdem
1462 632 1546 674 vici
1589 633 1703 675 inter
1743 640 1883 676 terras
1926 634 2137 676 Richardi
2178 634 2321 676 vricht

522 699 704 740 villelmi
730 699 948 740 Rollande
972 706 1013 740 et
1037 701 1260 753 quondam
1298 701 1512 742 Iohannis
1545 702 1756 744 Sanclare
1789 717 1840 744 ex
1871 703 2074 745 orientali
2097 717 2149 744 ex
2169 717 2257 745 vna
2278 708 2321 744 et

522 775 684 808 terram
724 770 946 821 quondam
993 769 1206 810 Iohannis
1243 777 1413 812 vormet
1456 785 1507 812 ex
1548 771 1813 813 occidentali
1854 772 2054 826 partibus
2091 773 2145 814 ab
2181 772 2321 814 altera

520 843 681 878 terram
725 838 876 879 thome
917 852 1050 880 vauss
1091 853 1246 880 versus
1288 840 1466 881 boream
1509 842 1819 882 extendentem
1862 841 1906 882 in
1947 840 2222 896 longitudine
2264 841 2319 883 ad

520 911 761 946 torrentem
786 912 940 947 sancte
964 905 1176 947 trinitatis
1198 921 1353 948 versus
1377 914 1577 949 austrum
1608 908 1975 951 TENENDUM
2000 915 2043 950 et
2065 909 2318 950 habendum

519 981 662 1015 totum
700 983 742 1016 et
781 975 1001 1029 integrum
1039 975 1208 1017 dictum
1251 990 1448 1018 annuum
1492 977 1713 1019 redditum
1757 992 1856 1020 cum
1900 977 1992 1019 suis
2032 976 2318 1032 pertinenciis

519 1044 687 1097 prefato
719 1052 874 1086 curato
906 1052 948 1086 et
982 1045 1226 1099 capellanis
1259 1060 1309 1088 ac
1343 1046 1435 1088 suis
1468 1047 1798 1089 successoribus
1820 1047 1986 1089 curatis
2008 1054 2051 1088 et
2074 1045 2317 1101 capellanis

518 1113 622 1167 dictj
648 1114 768 1155 chori
793 1129 818 1156 a
841 1129 910 1156 me
933 1122 975 1156 et
1000 1114 1234 1157 heredibus
1267 1115 1378 1157 meis
1410 1116 1453 1157 in
1487 1131 1642 1170 puram
1676 1123 1718 1158 et
1751 1123 2010 1171 perpetuam
2034 1115 2314 1158 elimosinam

520 1184 852 1238 Imperpetuum
893 1185 1006 1227 Cum
1049 1185 1169 1226 omni
1213 1186 1315 1227 Iure
1358 1192 1399 1227 et
1444 1186 1559 1228 Iuris
1596 1186 1766 1228 clameo
1803 1201 1854 1228 ac
1891 1201 1991 1228 cum
2029 1185 2234 1228 omnibus
2271 1190 2314 1226 et

518 1253 715 1307 Singulis
747 1254 1027 1296 libertatibus
1057 1255 1464 1297 Commoditatibus
1495 1262 1537 1298 et
1561 1256 1824 1298 asiamentis
1846 1270 1897 1298 ac
1923 1255 2052 1297 iustis
2085 1255 2188 1297 Suis
2219 1268 2312 1309 per-

516 1321 722 1364 tinenciis
752 1323 1087 1378 quibuscunque
1120 1326 1174 1366 ad
1207 1324 1375 1366 dictum
1409 1340 1607 1368 annuum
1639 1326 1861 1368 redditum
1894 1340 1995 1368 cum
2027 1323 2313 1380 pertinenciis

515 1394 822 1446 spectantibus
845 1395 932 1437 Seu
956 1395 1069 1437 iuste
1103 1402 1303 1450 spectare
1324 1396 1575 1439 valentibus
1607 1397 1938 1451 quomodolibet
1962 1396 2005 1438 in
2027 1397 2225 1438 futurum
2247 1395 2312 1436 Ac

515 1463 779 1517 capiendum
811 1464 1043 1506 annuatim
1077 1472 1119 1507 et
1153 1465 1393 1508 leuandum
1423 1468 1476 1508 de
1507 1473 1603 1509 tota
1634 1473 1677 1508 et
1709 1466 1882 1521 integra
1914 1465 2032 1508 dicta
2063 1472 2180 1507 terra
2211 1478 2312 1506 curn

514 1532 800 1586 pertinenciis
823 1535 877 1576 ad
895 1535 1006 1576 duos
1028 1534 1132 1576 anni
1155 1534 1370 1577 terminos
1391 1535 1569 1577 vsuales
1591 1535 1863 1590 penticostes
1879 1535 2083 1577 videlicet
2106 1540 2149 1576 et
2167 1532 2311 1575 sancti

515 1602 691 1656 martinj
717 1603 761 1644 in
792 1617 919 1658 yeme
942 1618 1019 1658 per
1040 1604 1221 1658 equales
1252 1604 1484 1659 porciones
1513 1612 1555 1647 et
1586 1605 1621 1647 si
1659 1619 1866 1647 neccesse
1894 1604 2023 1646 fuerit
2055 1601 2310 1645 huiusmodi

512 1677 676 1713 terram
700 1680 742 1714 et
760 1672 1064 1715 inhabitantes
1087 1676 1274 1716 eandem
1297 1689 1348 1717 ac
1371 1675 1487 1717 bona
1509 1689 1590 1717 sua
1607 1689 1684 1729 pro
1702 1675 1870 1729 prefato
1888 1689 2036 1717 annuo
2057 1672 2231 1715 redditu
2253 1673 2309 1715 ad

513 1755 672 1783 manus
704 1742 904 1797 proprias
935 1743 1106 1785 tociens
1139 1744 1350 1798 quociens
1381 1759 1492 1800 opus
1522 1744 1652 1787 fuerit
1685 1759 1866 1787 namare
1899 1751 1941 1786 et
1971 1743 2233 1798 distringere
2264 1747 2308 1784 et

511 1812 689 1852 eosdem
723 1812 948 1855 districtos
984 1828 1061 1868 pro
1099 1829 1176 1856 sue
1210 1814 1335 1857 libito
1367 1815 1611 1857 voluntatis
1648 1814 1880 1870 disponere
1917 1813 2012 1856 sine
2045 1825 2308 1868 quocunque

513 1880 628 1922 Iuris
657 1880 861 1924 ministro
890 1883 1012 1925 Adeo
1041 1883 1175 1925 libere
1204 1884 1399 1938 plenarie
1428 1883 1597 1939 integre
1629 1883 1869 1926 honorifice
1900 1884 2011 1926 bene
2042 1888 2085 1925 et
2122 1881 2167 1924 in
2198 1895 2308 1936 pace

510 1949 554 1990 in
587 1951 792 1993 omnibus
828 1958 870 1993 et
905 1967 981 2007 per
1012 1953 1161 1995 omnia
1193 1953 1307 1996 sicut
1339 1953 1500 2008 aliquis
1537 1968 1713 1996 annuus
1745 1953 1944 1996 redditus
1976 1951 2162 1994 ecclesie
2194 1950 2307 1994 infra

509 2034 694 2074 regnum
728 2021 871 2063 scocie
904 2023 1034 2064 datur
1065 2023 1322 2065 conceditur
1347 2030 1423 2065 aut
1455 2023 1707 2078 possidetur
1739 2023 1833 2065 sine
1859 2021 2148 2064 reuocacione
2170 2020 2306 2063 recla-

509 2090 710 2132 macione
733 2098 809 2133 aut
833 2092 1183 2135 contradictione
1206 2093 1386 2147 aliquali
1410 2093 1495 2135 mei
1518 2094 1729 2136 heredum
1753 2107 1951 2135 meorum
1975 2091 2304 2146 assignatorum

508 2166 583 2200 aut
626 2160 814 2202 aliorum
857 2176 1223 2217 quorumcunque
1266 2164 1387 2205 PRO
1431 2164 1823 2219 QUOQUIDEM
1867 2161 2088 2204 ANNUO
2129 2159 2304 2202 redditu

507 2227 612 2268 dicti
635 2235 816 2270 curatus
848 2236 890 2271 et
923 2230 1143 2284 capellani
1175 2245 1226 2272 ac
1260 2231 1327 2272 sui
1361 2232 1652 2273 Successores
1683 2230 1915 2273 annuatim
1948 2229 2234 2271 celebrabunt
2260 2233 2303 2270 et

506 2298 752 2340 cantabunt
774 2313 910 2340 vnum
934 2299 1287 2342 anniuersarium
1316 2302 1370 2342 ad
1403 2301 1542 2343 altare
1566 2301 1707 2355 sanctj
1733 2299 1949 2342 cristofori
1972 2297 2168 2340 martiris
2189 2296 2302 2338 infra

503 2369 689 2409 eandem
732 2368 948 2411 situatum
989 2369 1195 2412 videlicet
1237 2370 1446 2425 exequias
1487 2371 1795 2413 defunctorum
1841 2369 1983 2424 primo
2034 2368 2191 2410 sabato
2231 2365 2302 2409 die

503 2437 670 2479 mensis
699 2438 851 2493 marcij
876 2453 927 2481 ac
961 2439 1144 2481 missam
1172 2441 1225 2482 de
1257 2447 1362 2483 nota
1395 2440 1438 2482 in
1472 2440 1672 2495 proxima
1701 2438 1923 2482 dominica
1955 2438 2056 2480 inde
2088 2441 2300 2492 sequente

502 2521 602 2548 curn
635 2507 794 2549 ceteris
825 2508 974 2551 missis
1007 2509 1257 2564 trigentalis
1289 2517 1337 2552 ut
1370 2510 1506 2552 moris
1538 2516 1603 2552 est
1636 2524 1713 2564 per
1744 2508 2015 2552 ebdomitam
2039 2511 2298 2561 sequentem

500 2590 577 2629 pro
611 2577 765 2619 Salute
796 2577 944 2621 anime
977 2579 1083 2621 dicti
1107 2581 1329 2634 quondam
1361 2580 1586 2623 alexandri
1608 2581 1710 2639 rede
1732 2579 1776 2620 in
1801 2579 1988 2621 durante
2008 2577 2101 2619 vita
2123 2589 2223 2618 mea
2253 2580 2297 2617 et

497 2645 747 2688 animarum
800 2655 1034 2701 parentum
1088 2664 1287 2691 meorum
1339 2650 1589 2692 animarum
1642 2649 1940 2704 predictarum
1993 2661 2044 2689 ac
2095 2644 2294 2695 omniurn

496 2713 692 2756 fidelium
735 2716 1042 2758 defunctorum
1087 2719 1367 2761 INSUPER
1410 2719 1633 2762 Collector
1673 2718 1912 2759 eorundem
1965 2714 2295 2770 capellanorum

492 2781 564 2834 qui
611 2797 688 2836 pro
729 2789 927 2837 ternpore
969 2784 1098 2826 fuerit
1140 2800 1375 2839 preconem
1419 2801 1519 2827 curn
1563 2799 1782 2839 campana
1824 2784 1992 2825 minore
2033 2796 2110 2837 per
2149 2787 2294 2823 totum

491 2850 678 2903 burgum
715 2850 855 2904 preire
886 2851 1017 2893 faciet
1054 2852 1098 2893 in
1136 2853 1254 2895 dicto
1287 2853 1356 2895 die
1389 2853 1673 2908 exequiarum
1707 2859 1754 2894 ut
1787 2851 1996 2894 incitetur
2027 2849 2217 2905 populus
2238 2849 2294 2891 ad

490 2919 815 2972 deprecandum
854 2935 931 2975 pro
965 2922 1118 2964 Salute
1152 2919 1401 2965 animarum
1435 2923 1733 2978 predictarum
1766 2922 1966 2964 tabulam
2000 2933 2132 2975 super
2153 2917 2293 2961 moni-
