2524 3418
984 286 1242 342 Fragmenta
1962 298 2014 341 27

213 438 588 446 ......
656 438 663 445 .
730 437 736 445 .
804 438 811 445 .
878 437 885 444 .
952 437 958 444 .
1026 437 1033 443 .
1101 437 1107 443 .
1175 436 1182 443 .
1241 413 1330 456 ony
1351 406 1529 443 custum
1551 413 1600 443 or
1621 399 1862 443 ordinance
1885 403 2015 444 made

212 508 514 516 .....
583 508 589 515 .
656 508 664 515 .
730 508 736 514 .
804 508 811 514 .
878 507 885 514 .
952 507 959 514 .
1026 507 1032 513 .
1101 507 1107 513 .
1174 506 1181 513 .
1249 506 1255 513 .
1323 505 1330 513 .
1419 476 1467 526 yt
1490 470 1585 513 thai
1608 472 1661 514 be
1683 471 1750 514 als
1770 471 1834 514 fre
1856 485 1906 514 as
1928 486 2016 527 ony

212 578 515 586 .....
583 579 589 585 .
657 579 663 585 .
731 578 737 585 .
805 578 812 584 .
879 578 886 584 .
954 578 960 584 .
1028 577 1034 584 .
1101 577 1108 583 .
1175 577 1182 583 .
1250 577 1256 583 .
1324 577 1331 582 .
1399 576 1406 583 .
1491 540 1603 583 Thir
1631 541 1881 597 priuelages
1903 543 2017 585 War

213 648 589 656 ......
657 649 663 655 .
731 648 738 655 .
804 649 811 655 .
879 649 886 655 .
953 648 960 655 .
1027 648 1033 654 .
1101 647 1107 654 .
1175 647 1182 654 .
1249 647 1256 654 .
1324 647 1330 653 .
1398 647 1404 653 .
1473 647 1479 653 .
1572 612 1659 655 last
1686 613 1772 668 day
1797 613 1844 655 of
1865 612 2015 668 Aprile

214 799 1035 808 ............
1103 799 1110 805 .
1177 798 1184 805 .
1252 799 1258 805 .
1326 798 1332 805 .
1401 798 1407 805 .
1474 798 1481 805 .
1549 798 1555 805 .
1623 798 1631 806 .
1688 777 1775 819 nay
1797 763 1880 806 has
1902 765 2017 807 done

1788 835 2018 890 Vyn-land

1789 906 1875 961 day
1897 906 1944 948 of
1963 921 2019 961 ye

214 1009 739 1017 ........
807 991 2019 1032 ...............grace

965 1080 1105 1123 Cotem
1130 1081 1272 1122 desunt

1097 1255 1138 1297 F

212 1351 358 1393 Litercz
398 1351 445 1394 de
483 1351 617 1394 sasine
658 1350 814 1393 tradita
853 1350 1060 1406 capellano
1101 1350 1247 1392 altaris
1290 1351 1398 1392 beate
1437 1351 1561 1392 Anne
1596 1365 1643 1392 ex
1676 1355 1794 1406 parte
1832 1352 2023 1407 magistri

935 1421 1137 1463 Iohannis
1160 1421 1297 1476 finaly

328 1518 406 1571 [V]
421 1518 726 1561 NIUERSIS
763 1523 806 1560 et
841 1515 1028 1572 singulis
1065 1517 1121 1558 ad
1159 1529 1347 1570 quorum
1382 1513 1573 1557 noticias
1610 1520 1839 1569 presentes
1877 1515 2022 1558 littere

213 1603 379 1645 peruen
450 1621 1049 1631 .........
1117 1621 1124 1628 .
1192 1621 1199 1628 .
1789 1620 1796 1627 .

213 1658 480 1702 balliuorum
503 1658 629 1714 burgi
652 1659 705 1701 de
728 1659 844 1701 Abe1
847 1659 958 1701 dene
981 1664 1181 1700 eternam
1205 1656 1249 1699 in
1273 1655 1455 1699 domino
1478 1655 1670 1698 salutem
1695 1657 1725 1698 S
1791 1689 1796 1696 .

212 1728 520 1771 testimonium
544 1728 773 1784 perhibere
796 1727 988 1771 Veritati
1012 1734 1054 1770 et
1078 1727 1272 1770 maxime
1296 1726 1340 1769 in
1363 1726 1450 1768 hiis
1473 1741 1557 1781 que
1581 1741 1657 1782 per
1682 1726 1804 1768 Iudic
1866 1762 1872 1768 .

215 1797 353 1854 Regis
375 1813 456 1842 sua
478 1798 622 1841 officia
645 1798 878 1841 exercendi
896 1798 1085 1854 juridice
1109 1804 1211 1841 acta
1233 1797 1365 1840 fuerit
1418 1832 1425 1839 .
1493 1832 1500 1839 .
1568 1831 1574 1838 .

213 1867 268 1911 lis
290 1868 371 1911 Vir
393 1868 594 1924 magistri
620 1870 846 1912 Iohannes
868 1869 1006 1925 finaly
1028 1868 1236 1912 Vicarius
1272 1904 1279 1911 .
1346 1903 1353 1910 .

213 1938 258 1982 in
281 1953 433 1982 amore
455 1946 656 1983 armatus
677 1940 919 1996 volensque
942 1939 1129 1983 ecclesie

212 2024 263 2053 ze
285 2016 328 2053 et
351 2010 616 2054 hereditarie
639 2017 856 2066 tanquam
880 2026 1010 2054 suum
1032 2025 1186 2053 verum

214 2095 292 2137 pro
315 2081 466 2124 anima
490 2096 570 2124 sua
594 2081 919 2137 animabusque
942 2088 1177 2137 parentum
1202 2094 1383 2123 suorum
1422 2114 1428 2121 .

214 2151 276 2196 rei
299 2152 561 2195 memoriam
585 2159 628 2195 et
652 2168 753 2196 cum
777 2152 1000 2196 instancia
1024 2167 1111 2207 qua

213 2229 379 2267 terram
403 2238 531 2267 suam
555 2223 823 2267 anteriorem
848 2238 983 2279 quam
1006 2223 1160 2279 propio
1197 2257 1204 2264 .

214 2299 380 2338 terram
403 2293 596 2339 Walteri
619 2294 803 2350 aghneif
821 2309 874 2337 ex
896 2294 1016 2337 orien
1050 2328 1057 2336 .

216 2371 341 2421 parte
363 2366 418 2409 ab
441 2365 582 2409 altera
604 2372 647 2408 et
670 2380 956 2409 communem
979 2364 1098 2407 viam
1125 2398 1132 2406 .

215 2449 370 2478 versus
393 2442 595 2479 austrum
619 2438 675 2480 ad
698 2437 895 2480 dandum
919 2435 1116 2479 sasinam

216 2504 370 2548 thome
392 2506 574 2550 davides
596 2507 829 2563 capellano
851 2506 1006 2550 altaris
1050 2540 1058 2548 .

218 2576 551 2621 successoribus
573 2593 652 2656 pro
674 2584 889 2634 perpetuo
912 2590 1224 2620 remansurum
1275 2609 1282 2616 .

218 2645 302 2689 alis
324 2654 502 2691 monete
525 2648 670 2691 scocie
693 2664 777 2704 que
800 2649 935 2692 etiam
975 2683 981 2691 .

218 2722 344 2759 sente
366 2716 410 2759 in
433 2717 573 2761 fotino
599 2718 715 2762 inter
736 2726 879 2763 terras
902 2719 1126 2775 quondam
1150 2718 1211 2760 W
1276 2750 1282 2757 .
1349 2749 1356 2757 .

218 2801 271 2829 ex
293 2787 459 2831 boreali
482 2796 607 2844 parte
630 2791 684 2833 de
707 2805 794 2845 qua
818 2790 921 2845 quid
978 2824 984 2832 .

219 2858 347 2902 beate
370 2860 498 2902 Anne
521 2867 563 2902 et
587 2860 655 2903 sui
679 2875 962 2904 successores
985 2874 1067 2915 cap
1130 2893 1135 2900 .

219 2943 296 2984 per
317 2931 575 2985 capellanos
598 2931 714 2975 dicte
738 2932 925 2975 ecclesie
949 2933 1035 2974 duo
1064 2932 1067 2937 '

2056 1363 2112 1397 fol.
2134 1364 2174 1396 14
2185 1363 2196 1383 ยน
