2524 3418
144 2439 199 2473 foL
221 2438 284 2474 78¹

429 323 508 377 196
848 323 1073 365 Commune
1104 322 1276 363 Rentale
1307 322 1624 377 Capellanorum
1655 322 1809 364 ecclesie

545 439 657 479 Item
696 452 772 492 pro
809 439 961 478 eodem
999 437 1052 478 de
1089 442 1204 478 terra
1242 437 1465 491 quondam
1503 436 1728 478 alexandri
1765 450 1930 491 coupar
1964 450 2082 478 nunc
2118 436 2225 479 dicti

429 506 594 549 domini
625 508 788 548 andrea
811 505 1026 547 willelmi
1061 506 1292 547 blinscheil
1315 513 1358 547 et
1382 505 1598 548 Willelmi
1622 505 1803 548 brechin
1836 505 1880 547 in
1911 505 2008 547 vico
2042 505 2225 547 nauium

431 583 525 617 tam
548 577 600 617 de
623 575 817 617 interiori
840 590 973 629 quam
997 575 1198 629 exteriorj
2106 575 2181 630 viij
2207 590 2228 617 5

550 644 736 686 Summa
759 644 890 686 huius
912 658 966 685 xx
989 658 1010 686 5

551 713 663 754 Item
697 727 774 766 pro
807 713 1019 767 magistro
1042 713 1195 754 thoma
1227 713 1450 755 chawmer
1481 720 1635 756 curato
1667 720 1710 756 et
1743 713 1838 755 eius
1869 719 2011 755 matre
2037 714 2090 755 de
2112 719 2229 755 terra

433 780 629 822 eiusdem
653 780 853 834 magistri
876 781 1027 823 thome
1050 781 1093 822 in
1111 781 1207 823 vico
1229 781 1451 823 furcarum
1475 797 1527 824 ex
1549 782 1751 836 orientalj
1776 789 1901 837 parte
1923 782 2119 824 eiusdem
2142 781 2226 836 vicj

433 864 566 903 quam
590 850 810 891 inhabitat
830 850 922 904 ipse
940 857 1121 892 curatus
1139 865 1216 905 pro
1234 851 1371 893 missa
1394 859 1547 894 sancte
1570 852 1802 894 katherine
1824 851 1945 894 omni
1966 851 2075 894 feria
2091 851 2230 894 tercia

433 921 487 961 ad
511 920 650 961 altare
673 919 772 961 diue
795 920 1027 962 katherine
2131 935 2187 962 xx
2209 935 2230 962 s

548 989 734 1031 Summa
757 989 890 1031 huius
911 1004 966 1031 xx
989 1004 1010 1031 5

549 1060 663 1100 Item
697 1073 773 1113 pro
808 1060 1007 1101 Iohanne
1040 1060 1256 1103 collisoun
1290 1061 1460 1103 seniore
1492 1061 1586 1103 eius
1618 1067 1742 1116 patre
1765 1066 1807 1102 et
1831 1067 1973 1102 matre
1999 1060 2104 1102 dum
2137 1058 2230 1114 ipse

431 1126 586 1169 vixerit
618 1136 661 1169 et
693 1135 792 1183 post
825 1129 994 1171 obitum
1028 1129 1133 1172 dicti
1168 1130 1381 1173 Iohannis
1413 1145 1491 1185 pro
1523 1145 1570 1173 se
1600 1145 1732 1173 vxore
1765 1144 1845 1172 sua
1876 1136 1919 1171 et
1951 1128 2147 1184 prolibus
2175 1128 2231 1170 ad

432 1197 572 1238 altare
605 1197 748 1238 sancti
781 1197 1012 1239 michaelis
1044 1199 1096 1240 de
1128 1205 1223 1241 tota
1255 1206 1298 1241 et
1331 1199 1503 1253 integra
1534 1199 1674 1254 ipsius
1707 1197 1922 1240 Iohannis
1950 1196 1994 1239 in
2016 1197 2114 1239 vico
2144 1196 2230 1238 fur-

433 1278 585 1306 carum
622 1279 675 1307 ex
710 1265 974 1308 occidentali
1016 1274 1140 1321 parte
1182 1267 1379 1309 eiusdem
1416 1267 1501 1309 vici
1538 1282 1671 1322 quam
1709 1266 1930 1309 inhabitat
1972 1265 2231 1309 Willelmus

432 1333 612 1376 lorimar
634 1341 677 1376 et
711 1366 721 1376 .
756 1366 766 1376 .
801 1366 810 1376 .
844 1334 983 1376 bissat
1007 1335 1226 1390 lignorum
1250 1343 1442 1378 serrator
1464 1335 1659 1379 interiori
1682 1342 1725 1378 et
1747 1334 1951 1378 exteriori
2132 1347 2189 1376 xx
2211 1347 2232 1376 5

549 1403 737 1445 Summa
759 1402 893 1445 huius
913 1417 970 1445 xx
993 1417 1014 1445 5

550 1471 666 1513 Item
702 1471 825 1513 obitu
862 1486 939 1526 pro
976 1471 1098 1514 obitu
1135 1472 1302 1515 domini
1341 1473 1555 1515 Iohannis
1591 1472 1740 1515 litstar
1775 1471 1992 1528 capellanj
2026 1473 2079 1514 de
2113 1478 2232 1514 terra

433 1541 657 1593 quondam
717 1539 909 1582 richardi
965 1540 1112 1583 litstar
1161 1540 1284 1584 iuxta
1338 1541 1573 1584 ecclesiam
1629 1547 1783 1584 sancte
1842 1540 2058 1584 trinitatis
2107 1538 2152 1583 in
2203 1540 2233 1583 li

432 1607 556 1662 grein
1979 1609 2053 1664 xiij
2079 1623 2100 1652 5
2121 1607 2182 1664 iiij
2206 1610 2234 1652 d

549 1675 737 1718 Summa
758 1676 891 1718 huius
912 1675 986 1731 xiij
1011 1691 1033 1719 5
1054 1677 1114 1732 iiij
1139 1678 1167 1719 d

551 1745 665 1786 Item
698 1759 776 1799 pro
807 1745 962 1787 thoma
994 1746 1140 1788 Waus
1173 1752 1216 1788 et
1252 1760 1384 1788 vxore
1420 1745 1541 1789 omni
1572 1746 1680 1789 feria
1711 1745 1866 1801 quinta
1897 1760 1976 1802 pro
2011 1746 2149 1790 missa
2181 1747 2235 1790 de

434 1812 628 1867 quinque
648 1813 903 1856 vulneribus
934 1815 990 1856 ad
1021 1814 1162 1856 altare
1194 1814 1338 1857 sancti
1371 1815 1550 1870 martinj
1584 1816 1638 1858 de
1668 1821 1786 1858 terra
1817 1816 2149 1871 capellanorum
2181 1817 2235 1859 de

435 1895 552 1923 nouo
573 1881 780 1924 edificata
802 1882 846 1924 in
869 1883 1016 1938 capite
1036 1883 1122 1926 vici
1144 1884 1328 1926 nauium
2136 1900 2193 1928 xx
2214 1899 2236 1928 5

551 1952 667 1993 Item
689 1966 767 2006 pro
793 1954 948 1995 eodem
971 1954 1024 1996 de
1045 1960 1162 1996 terra
1183 1953 1380 1999 willelmi
1412 1954 1645 1997 blinscheil
1677 1954 1722 1997 in
1754 1955 1909 1997 eodem
1930 1952 2028 1998 vico
2049 1953 2233 1998 nauium

438 2020 568 2062 quta
591 2020 620 2061 li
643 2020 712 2062 kei
2013 2024 2074 2080 iiij
2099 2039 2121 2067 5
2141 2024 2182 2080 vj
2207 2025 2235 2067 d

552 2089 739 2132 Summa
761 2089 894 2132 huius
919 2090 1038 2146 xxiiij
1064 2106 1085 2133 5
1106 2091 1147 2147 vj
1173 2094 1199 2135 d

553 2158 668 2199 Item
705 2158 919 2213 magistro
958 2160 1159 2202 Iohanne
1195 2160 1400 2204 flescheir
1440 2161 1707 2204 cancellario
1748 2161 1854 2204 olim
1890 2163 1944 2204 de
1980 2161 2234 2218 supradicta

437 2227 569 2269 domo
605 2241 682 2281 pro
719 2227 856 2270 missa
892 2229 945 2270 de
982 2230 1405 2273 commemoratione
1447 2231 1575 2273 beate
1613 2230 1750 2273 marie
1784 2230 1968 2285 virginis
2003 2232 2059 2274 ad
2095 2231 2235 2274 altare

439 2296 584 2339 sancti
606 2296 837 2340 michaelis
859 2298 979 2340 omni
1003 2299 1189 2342 sabbato
2137 2314 2194 2342 xx
2215 2314 2236 2342 5

555 2367 742 2409 Summa
764 2367 895 2410 huius
917 2382 973 2410 xx
995 2383 1016 2410 5

556 2437 671 2478 Item
703 2451 781 2492 pro
813 2437 1051 2480 alexandro
1083 2438 1305 2481 malisoun
1337 2444 1380 2480 et
1411 2452 1543 2480 vxore
1574 2451 1652 2493 pro
1685 2437 1822 2479 missa
1843 2438 1896 2479 de
1919 2435 2112 2490 quinque
2142 2436 2236 2479 vul-

439 2505 618 2548 neribus
648 2507 705 2548 ad
736 2506 875 2549 altare
907 2508 1050 2550 sancti
1085 2507 1268 2550 Ioannis
1299 2507 1574 2562 euangeliste
1605 2506 1725 2549 omni
1756 2505 1864 2549 feria
1896 2512 2021 2549 sexta
2057 2507 2111 2548 de
2143 2520 2237 2561 pre·

439 2575 558 2618 dicta
579 2582 696 2618 terra
718 2590 836 2619 noua
2030 2575 2148 2630 xxiiij
2173 2590 2195 2618 s
2211 2574 2236 2600 ³*

555 2645 742 2687 Summa
764 2645 897 2688 huius
919 2645 1038 2700 xxiiij
1064 2661 1084 2687 5

555 2714 670 2756 Item
704 2715 918 2770 magistro
950 2715 1083 2757 dauid
1116 2729 1295 2758 menzes
1325 2714 1446 2757 omni
1479 2721 1604 2757 sexta
1635 2713 1742 2756 feria
1773 2727 1852 2768 pro
1881 2713 2019 2756 missa
2045 2715 2098 2756 de
2120 2727 2237 2755 com-

438 2783 645 2836 passione
667 2784 923 2827 beatissime
945 2785 1127 2840 virginis
1159 2785 1297 2827 marie
1329 2785 1373 2827 in
1405 2784 1593 2827 ecclesia
1625 2783 1816 2826 inferiori
1843 2783 1961 2826 beati
1983 2782 2159 2837 nicolaij
2184 2783 2238 2825 de

440 2853 594 2894 eadem
618 2859 734 2895 terra
2140 2865 2195 2892 xx
2217 2865 2239 2894 s

534 2947 552 2962 ¹
577 2949 595 2978 8
612 2947 680 2978 mai
702 2949 783 2987 1604
801 2947 1001 2988 productum
1021 2948 1053 2978 in
1070 2947 1208 2979 modum
1226 2947 1436 2989 probationis
1452 2953 1570 2980 contra
1588 2947 1748 2979 Iacobum
1766 2947 1843 2988 fyen
1932 2945 2145 2978 Robertsoun
