2524 3418
175 643 231 674 sol.
251 642 310 675 56¹

471 325 549 376 138
1009 322 1137 363 Carta
1170 319 1330 361 domim·
1360 318 1561 361 Iohannis
1593 332 1724 361 wauss

468 437 643 492 nicolaij
664 437 707 479 in
726 436 918 491 quinque
943 434 1085 477 Rudis
1109 433 1342 487 Iugeribus
1357 433 1450 475 siue
1468 432 1718 487 pretticatis
1733 439 1951 475 terrarum
1971 447 2048 488 pro
2066 433 2267 477 clausula

467 505 753 548 releuationis
768 503 1132 547 varantizationis
1148 517 1224 544 seu
1240 501 1579 557 indempnitatis
1594 502 1891 557 predictorum
1906 503 2153 545 octodecim
2169 504 2269 546 soli-

469 579 624 618 dorum
648 576 691 630 ly
706 574 908 617 donaldis
923 572 1073 615 croftis
1094 578 1353 615 vocatorum
1377 579 1505 627 prout
1529 572 1574 614 in
1592 572 1830 627 euidentijs
1852 573 2041 627 desuper
2057 572 2270 615 confectis

469 645 642 700 plenius
664 643 917 685 continetur
935 641 1238 698 Quosquidem
1256 641 1455 683 redditus
1473 640 1535 683 sic
1552 641 1652 683 volo
1670 640 1843 695 disponj
1863 655 1942 695 pro
1964 640 2270 683 anniuersario

468 729 544 769 pro
574 714 722 756 anima
757 727 855 754 mea
888 718 930 753 et
961 711 1110 753 anima
1141 711 1226 753 mei
1255 710 1404 753 fratris
1435 710 1634 765 germani
1667 710 1816 752 Dauid
1841 724 1965 752 waus
1994 716 2036 752 et
2069 709 2268 752 omnium

467 783 662 824 fidelium
687 781 996 823 defunctorum
1024 795 1102 835 per
1124 780 1346 835 predictos
1368 780 1582 822 vicarium
1613 794 1691 822 seu
1721 785 1925 822 curatum
1949 785 1991 821 et
2014 779 2271 834 capellanos

467 868 543 908 pro
561 860 759 906 tempore
778 857 1006 906 presentes
1024 858 1065 892 et
1084 850 1329 892 residentes
1346 850 1579 892 annuatim
1598 849 1643 891 in
1661 848 1884 892 dominica
1902 848 2272 904 quinquagesima

467 922 730 965 celebrando
752 920 962 975 exequias
985 934 1062 963 seu
1085 920 1261 975 vigilias
1282 920 1487 962 videlicet
1512 920 1770 962 solemniter
1787 919 1831 961 in
1854 925 1984 961 nocte
2007 919 2272 974 precedente

467 1006 567 1033 cum
593 990 729 1032 missa
753 991 806 1032 de
828 996 934 1032 nota
956 989 1180 1032 dominica
1209 996 1256 1032 ut
1287 989 1456 1032 dictum
1487 995 1553 1031 est
1587 1003 1688 1031 curn
1721 988 1937 1044 trigintali
1969 1002 2046 1043 per
2077 986 2271 1030 ebdomi-

468 1063 569 1103 dam
594 1066 855 1115 sequentem
879 1065 927 1101 ut
951 1059 1087 1102 moris
1105 1065 1171 1102 est
1190 1065 1232 1102 et
1251 1058 1588 1102 distributiones
1611 1059 1843 1101 manuales
1861 1059 1967 1100 fient
1991 1057 2273 1113 presentibus

468 1132 611 1173 solum
636 1137 677 1173 et
711 1130 1038 1173 celebrantibus
1071 1131 1141 1173 Ita
1173 1131 1289 1185 quod
1318 1129 1529 1172 collector
1560 1129 1886 1171 monimentum
1915 1134 2096 1171 exornet
2121 1133 2273 1183 tapete

469 1207 511 1243 et
544 1199 838 1242 luminaribus
871 1201 1079 1242 decenter
1110 1205 1158 1242 ut
1192 1199 1328 1241 moris
1364 1205 1430 1241 est
1464 1198 1650 1242 sacriste
1679 1213 1757 1253 pro
1788 1198 1908 1240 trina
1935 1197 2187 1253 pulsatione
2216 1198 2272 1240 ad

468 1270 643 1325 vigilias
684 1276 726 1312 et
763 1269 950 1312 totidem
991 1269 1163 1312 vicibus
1204 1270 1259 1312 ad
1297 1269 1481 1312 missam
1524 1269 1684 1311 dentur
1725 1268 2060 1323 quatuordecim
2102 1267 2270 1323 denarij

469 1339 648 1395 preconi
685 1339 788 1381 ville
821 1341 908 1382 duo
942 1339 1111 1394 denarij
1145 1338 1375 1393 Residentj
1408 1344 1456 1380 ut
1486 1337 1655 1380 dictum
1688 1343 1755 1379 est
1790 1338 1919 1379 detur
1949 1336 2193 1392 capellanis
2229 1342 2272 1379 et

467 1409 758 1452 facultatibus
799 1409 835 1451 si
869 1408 973 1463 quid
1016 1408 1208 1464 supersit
1250 1410 1303 1451 de
1345 1407 1582 1450 animabus
1617 1406 1953 1450 fundationibus
1990 1407 2050 1449 Et
2092 1407 2148 1449 ad
2188 1406 2273 1449 hoc

468 1480 720 1523 faciendum
744 1485 786 1522 et
810 1480 865 1522 ad
894 1478 1161 1534 premissum
1191 1493 1268 1533 per
1289 1493 1370 1520 nos
1393 1484 1435 1520 et
1458 1483 1635 1520 nostros
1658 1491 1939 1519 successores
1961 1476 2275 1519 inviolabiliter

468 1551 560 1593 fore
591 1551 919 1592 obseruandum
949 1550 1030 1591 sub
1059 1548 1224 1591 nostris
1252 1547 1542 1604 cyrographis
1571 1553 1613 1590 et
1642 1546 1917 1589 notariorum
1946 1545 2086 1588 nostri
2115 1545 2270 1601 gremij

471 1619 713 1675 signaturis
747 1620 828 1662 sub
860 1618 1083 1674 ypotheca
1112 1617 1312 1660 omnium
1348 1619 1564 1661 bonorum
1598 1624 1852 1660 nostrorum
1887 1622 1930 1660 et
1965 1630 2271 1659 successorum

470 1688 776 1732 communium
804 1686 1084 1742 presencium
1112 1692 1154 1729 et
1176 1687 1424 1743 futurorum
1454 1688 1507 1729 de
1528 1686 1728 1729 vnanimi
1751 1701 1971 1729 consensu
1994 1685 2275 1728 decernimus

471 1767 513 1802 et
537 1758 816 1802 decreuimus
848 1772 926 1812 per
957 1751 1261 1812 presentes'In
1286 1757 1425 1800 Cuius
1449 1756 1531 1799 Rei
1563 1756 1871 1799 testimonium
1905 1756 2100 1811 sigillum
2123 1770 2273 1799 meum

470 1836 513 1872 et
536 1828 730 1883 sigillum
754 1826 1026 1870 honorabilis
1046 1826 1127 1869 viri
1157 1826 1331 1882 patricij
1362 1827 1487 1869 leslie
1507 1826 1638 1869 vnius
1661 1826 1927 1870 balliuorum
1951 1827 2004 1868 de
2026 1825 2207 1868 abirden
2229 1830 2273 1867 et

470 1898 637 1943 datoris
659 1897 807 1940 sasine
830 1904 932 1940 sunt
965 1911 1163 1952 appensa
1195 1898 1314 1952 apud
1347 1896 1529 1940 abirden
1556 1897 1751 1939 secundo
1785 1895 1870 1939 Die
1897 1895 2066 1938 mensis
2094 1893 2273 1950 augusti

470 1969 600 2010 Anno
622 1966 788 2022 dominj
814 1966 1052 2009 millesimo
1074 1965 1432 2021 quingentesimo
1453 1965 1669 2021 vigesimo
1692 1966 1887 2008 secundo

818 2104 1034 2160 Magister
1054 2104 1256 2147 Thomas
1277 2105 1503 2147 chawmer
1519 2109 1700 2147 curatus
1718 2104 1770 2146 de
1788 2101 2008 2146 Abirdene
2031 2102 2086 2144 ad
2107 2101 2190 2143 hec

989 2188 1126 2217 manu
1148 2173 1325 2229 propria

817 2243 1031 2300 magister
1052 2243 1186 2287 dauid
1209 2257 1388 2286 menzes
1411 2243 1466 2286 ad
1487 2242 1570 2285 hec
1592 2255 1730 2284 manu
1751 2240 1929 2297 propria

818 2315 1026 2358 dominus
1049 2315 1238 2357 andreas
1261 2314 1364 2368 culp
1387 2314 1443 2356 ad
1465 2312 1548 2356 hec
1571 2327 1708 2355 manu
1730 2311 1906 2367 propria

818 2383 1026 2427 dominus
1049 2383 1182 2427 dauid
1203 2397 1353 2426 wauss
1375 2397 1511 2425 manu
1533 2382 1710 2438 propria

818 2453 1034 2508 magister
1053 2453 1291 2496 willelmus
1313 2452 1568 2508 philipsoun
1592 2453 1647 2495 ad
1669 2452 1751 2494 hec
1774 2466 1910 2495 manu
1933 2450 2109 2508 propria

818 2522 1034 2577 magister
1054 2524 1257 2566 robertus
1279 2536 1468 2565 masoun
1491 2535 1627 2564 manu
1649 2521 1826 2577 propria

817 2592 1025 2635 dominus
1045 2592 1284 2636 willelmus
1306 2606 1470 2647 couper
1490 2606 1626 2634 manu
1648 2591 1825 2647 propria

817 2661 1024 2704 dominus
1046 2663 1273 2718 gylbertus
1295 2662 1568 2718 nycholsone
1591 2675 1726 2704 manu
1748 2661 1925 2716 propria

819 2732 1026 2774 dominus
1050 2732 1275 2775 Iohannes
1296 2731 1573 2787 goldsmytht
1597 2746 1731 2774 manu
1756 2731 1932 2787 propria

820 2802 1028 2845 dominus
1050 2803 1275 2846 Iohannes
1298 2817 1492 2858 cumyng
1513 2816 1649 2845 manu
1674 2803 1850 2858 propria

822 2873 1029 2915 dominus
1053 2873 1187 2916 Brien
1209 2875 1319 2929 dyce
1340 2887 1477 2916 manu
1499 2872 1676 2928 propria

822 2942 1029 2987 dominus
1051 2942 1184 2986 dauid
1207 2942 1287 2985 leis
1310 2957 1446 2986 manu
1469 2942 1645 2999 propria
