2524 3418
434 319 513 372 184
1087 320 1216 363 Carta
1247 320 1403 374 lzenricj
1434 319 1582 374 Leytlzt

430 433 531 475 licet
565 441 607 476 et
642 434 784 476 sancti
823 434 1000 489 martinj
1040 434 1084 476 in
1122 435 1280 489 hyeme
1318 449 1394 489 per
1431 434 1611 488 equales
1647 433 1873 488 portiones
1910 433 2044 476 libere
2082 433 2231 488 quiete

430 502 625 555 plenarie
654 501 822 555 integre
850 503 959 544 bene
986 509 1028 543 et
1056 502 1099 543 in
1123 516 1231 556 pace
1258 516 1359 544 cum
1384 502 1514 556 plena
1541 508 1583 543 et
1612 501 1749 544 libera
1771 507 1994 556 potestate
2020 502 2232 546 namandi

429 576 471 609 et
502 569 792 622 distringendi
823 583 899 623 per
921 584 966 610 se
988 570 1056 610 vel
1087 576 1417 623 procuratorem
1449 584 1578 611 suum
1608 569 1827 611 firmarios
1856 576 1898 611 et
1929 569 2232 613 inhabitantes

429 637 572 679 dictas
613 644 753 678 terras
795 644 836 678 et
879 637 984 679 dicti
1028 638 1154 679 crofti
1197 638 1388 679 cultores
1431 637 1466 678 si
1504 644 1546 678 et
1590 637 1794 691 quotiens
1835 652 1946 692 opus
1986 637 2117 680 fuerit
2154 652 2232 693 pro

430 705 589 746 annuis
619 705 862 746 redditibus
898 705 1165 759 supradictis
1199 712 1240 747 et
1278 705 1313 746 si
1348 705 1579 760 contingat
1617 705 1765 760 aliquo
1802 719 1908 747 casu
1943 707 2058 760 quod
2088 706 2234 750 dictus

429 787 604 814 annuus
646 773 843 814 redditus
885 774 1071 814 duarum
1115 787 1364 815 marcarum
1403 772 1446 814 in
1484 779 1579 815 toto
1615 773 1683 814 vel
1721 773 1765 814 in
1803 780 1926 827 parte
1969 773 2107 816 leuari
2144 788 2232 816 non

429 841 587 895 poterit
618 841 850 882 annuatim
875 842 927 882 de
950 841 1068 882 dicto
1095 841 1234 882 crofto
1262 843 1316 882 ad
1339 841 1554 882 terminos
1586 841 1828 894 prelibatos
1849 841 1950 883 volo
1973 847 2015 883 et
2039 843 2233 884 concedo

429 923 505 962 pro
525 923 593 949 me
611 916 652 949 et
678 909 914 950 heredibus
933 909 1044 950 meis
1062 910 1178 962 quod
1204 910 1326 951 Idem
1351 923 1528 950 annuus
1550 909 1748 950 redditus
1771 910 1957 951 duarum
1982 924 2231 952 marcarum

429 977 601 1018 leuetur
626 977 795 1031 integre
822 984 864 1018 et
892 976 1163 1031 percipiatur
1188 978 1241 1019 de
1268 976 1604 1031 quibuscunque
1631 977 1784 1018 croftis
1805 977 1873 1018 vel
1897 977 2058 1019 annuis
2090 977 2233 1020 reddi-

427 1045 546 1086 tibus
582 1059 929 1099 quoruncunque
963 1045 1204 1087 croftorum
1235 1045 1342 1086 mihi
1367 1045 1436 1086 uel
1472 1045 1707 1086 heredibus
1737 1045 1848 1087 meis
1878 1045 1922 1087 in
1948 1045 2067 1088 dicto
2094 1047 2233 1102 burgo

428 1113 734 1168 spectantibus
765 1113 833 1154 vel
867 1119 1067 1167 spectare
1098 1112 1351 1155 valentibus
1384 1113 1715 1166 quomodolibet
1749 1113 1809 1154 Et
1839 1127 1920 1167 ego
1951 1127 2055 1155 vero
2086 1113 2234 1156 dictus

427 1180 634 1223 henricus
657 1181 841 1222 heredes
863 1188 906 1222 et
929 1181 1145 1235 assignati
1169 1181 1254 1235 mej
1280 1195 1436 1223 omnes
1458 1180 1680 1235 predictos
1706 1195 1880 1223 annuos
1905 1181 2104 1224 redditus
2130 1196 2232 1224 curn

427 1249 712 1303 pertinenciis
758 1249 990 1291 duodecim
1039 1263 1286 1291 mercarum
1339 1249 1457 1291 dicto
1508 1249 1741 1302 capellano
1783 1249 1855 1303 quj
1908 1263 1986 1304 pro
2031 1256 2233 1304 tempore

426 1317 556 1359 fuerit
579 1324 621 1359 et
646 1317 738 1359 suis
761 1317 1092 1359 successoribus
1114 1331 1191 1371 per
1216 1331 1372 1359 omnes
1393 1324 1536 1358 terras
1564 1323 1607 1358 et
1636 1316 1946 1371 possessiones
1974 1323 2152 1360 nostras
2181 1332 2232 1360 ac

428 1385 577 1427 omnia
605 1386 719 1427 bona
746 1392 898 1427 nostra
924 1385 1105 1427 mobilia
1127 1391 1169 1426 et
1195 1384 1450 1426 Immobilia
1484 1385 1820 1438 Imperpetuum
1852 1384 2234 1427 varantizabimus

428 1453 783 1506 acquietabimus
805 1459 847 1494 et
871 1453 1159 1495 defendemus
1183 1453 1236 1493 In
1260 1466 1445 1506 quorum
1470 1452 1669 1494 omniurn
1692 1453 1824 1494 fidem
1857 1459 1900 1494 et
1923 1452 2232 1496 testimonium

429 1520 622 1575 sigilium
653 1535 801 1562 meum
832 1520 935 1562 huic
965 1520 1158 1574 presentj
1191 1526 1311 1561 carte
1341 1534 1437 1561 rnee
1466 1526 1533 1561 est
1563 1534 1811 1574 appensum
1843 1521 1902 1562 Et
1933 1521 1988 1562 ad
2018 1520 2233 1563 maiorem

427 1589 488 1631 rei
521 1589 792 1631 euidentiam
825 1588 1019 1643 sigillum
1053 1602 1289 1630 commune
1321 1587 1427 1630 dicti
1465 1587 1590 1642 burgi
1622 1588 1783 1642 apponj
1823 1588 2104 1642 presentibus
2135 1603 2234 1644 pro-

429 1657 580 1712 curauj
626 1658 743 1712 apud
785 1657 992 1699 abirdene
1030 1663 1188 1710 quarto
1230 1655 1403 1698 decimo
1445 1655 1514 1698 die
1556 1656 1724 1698 mensis
1761 1656 1864 1711 maij
1905 1671 2023 1699 anno
2065 1656 2232 1712 dominj

430 1725 667 1768 millesimo
704 1724 1141 1779 quadringentesimo
1183 1723 1523 1778 quadragesimo
1565 1723 1708 1778 primo
1749 1738 1899 1766 coram
1937 1724 2006 1766 his
2043 1724 2237 1767 testibus

432 1795 633 1836 Iohanne
673 1793 754 1848 fyff
793 1800 901 1835 tunc
948 1792 1173 1847 preposito
1220 1792 1460 1834 alexandro
1503 1792 1556 1834 de
1598 1806 1776 1834 camera
1821 1792 2009 1847 gilberto
2056 1807 2236 1835 menzes

433 1863 634 1905 Iohanne
670 1875 818 1904 wauss
853 1861 1036 1903 waltero
1070 1861 1123 1903 de
1160 1860 1398 1903 drumbrek
1435 1866 1477 1902 et
1515 1860 1690 1902 roberto
1732 1861 1785 1902 de
1825 1874 2004 1903 camera
2042 1874 2235 1904 vnacum

431 1932 626 1973 villelmo
663 1930 882 1973 akinsoun
926 1928 1308 1984 conburgensibus
1354 1927 1460 1971 dicti
1507 1928 1633 1983 burgi
1675 1943 1777 1971 cum
1826 1928 1980 1971 multis
2022 1928 2126 1984 alijs
2165 1935 2235 1972 etc

434 2000 570 2042 Orate
601 2013 679 2054 pro
710 1998 944 2040 fundatore

608 2135 705 2177 Hec
735 2141 802 2176 est
830 2148 934 2176 vera
957 2133 1085 2188 copia
1114 2132 1372 2188 principalis
1403 2138 1524 2175 carte
1554 2129 1835 2176 fundacionis
1866 2132 2163 2177 collacionata
2192 2139 2236 2176 et

606 2203 764 2245 inscite
786 2217 863 2258 per
885 2217 955 2244 me
977 2202 1200 2244 notarium
1224 2201 1451 2256 publicum
1475 2201 1776 2256 subscriptum

695 2273 765 2314 Ita
788 2277 855 2313 est
880 2271 1105 2313 Iohannes
1129 2270 1345 2325 Kennedy
1367 2268 1567 2311 notarius
1589 2268 1793 2324 publicus
1815 2283 1951 2311 manu
1974 2268 2150 2324 propria

475 2179 517 2283 tunqd

520 2141 561 2320 42:301ti

1236 2474 1457 2518 XCVIII.

138 2614 275 2650 f01.74¹
563 2586 812 2629 MNIBUS
843 2585 959 2628 hanc
996 2592 1166 2628 cartam
1198 2585 1359 2628 visuris
1391 2585 1459 2628 vel
1496 2585 1725 2628 Audituris
1761 2585 1970 2629 henricus
2004 2587 2058 2629 de
2094 2586 2236 2643 leytht

342 2701 349 2708 ‚
375 2702 382 2709 ⁸
619 2653 826 2696 dominus
857 2655 910 2696 de
942 2654 1091 2696 barnis
1123 2655 1313 2696 salutem
1346 2654 1390 2695 in
1413 2654 1592 2696 domino
1625 2654 1941 2709 sempiternam
1975 2654 2138 2697 Sciatis
2166 2669 2238 2698 me

140 2703 382 2788 {2333an
436 2734 514 2775 pro
540 2722 683 2764 salute
710 2722 857 2764 anime
884 2736 981 2763 mee
1007 2722 1194 2764 mariote
1221 2728 1420 2764 stewartt
1447 2736 1608 2776 sponse
1631 2736 1727 2764 mee
1750 2722 2090 2777 animarumque
2115 2728 2237 2765 ante-

436 2803 661 2832 cessorum
703 2796 938 2844 parentum
981 2797 1023 2832 et
1066 2804 1373 2832 successorum
1415 2796 1667 2832 nostrorum
1705 2804 1756 2832 ac
1799 2790 1997 2832 omnium
2039 2791 2235 2833 fidelium

435 2857 637 2900 viuorum
665 2872 717 2900 ac
743 2858 1050 2900 defunctorum
1078 2858 1252 2900 dedisse
1279 2857 1554 2900 concessisse
1580 2864 1622 2899 et
1649 2858 1732 2900 hac
1755 2865 1959 2913 presente
1986 2865 2109 2901 carta
2136 2873 2237 2902 mea

438 2925 725 2968 confirmasse
761 2925 806 2967 in
842 2939 997 2980 puram
1036 2932 1078 2968 et
1115 2932 1374 2980 perpetuam
1418 2925 1698 2968 elimosinam
1735 2927 1817 2969 deo
1854 2932 1897 2969 et
1933 2927 2061 2970 beate
2098 2927 2235 2970 marie
