2524 3418
941 316 1072 360 Carta
1103 314 1306 359 Nicholai
1337 315 1503 358 baxstar
2044 315 2123 371 187

1135 504 1302 546 XCIX.

429 601 677 643 MNIBUS
714 600 830 643 hanc
866 602 1049 644 Cartam
1085 601 1248 643 visuris
1285 601 1352 642 vel
1386 599 1605 642 audituris
1643 597 1908 640 Nicholaius
1943 599 2125 640 baxstar

484 670 717 724 burgensis
746 671 798 712 de
830 671 1051 712 Abirdene
1085 671 1301 712 Eternam
1334 670 1379 711 in
1412 669 1593 712 domino
1627 669 1818 711 salutem
1851 668 1987 710 futuri
2017 668 2124 710 leta-

315 739 451 781 bundi
483 739 662 793 quidem
695 739 780 781 hiis
813 740 886 795 qui
919 742 1035 783 bona
1066 741 1110 782 in
1143 741 1235 782 vita
1267 755 1348 782 sua
1380 746 1565 794 egerunt
1598 745 1641 781 et
1673 738 1792 793 pleni
1825 737 2050 780 anxietate
2082 744 2125 779 et

314 798 507 850 tristicia*
546 809 970 852 contrafacientibus
1021 809 1339 864 perpetualiter
1374 808 1574 851 duraturi
1616 808 1771 850 volens
1819 806 1955 862 igitur
2007 806 2125 848 diem

317 878 502 919 extremi
541 879 698 934 Iudicij
739 880 945 934 operibus
983 880 1285 922 misericordie
1321 879 1553 934 peruenire
1586 885 1634 920 ut
1668 877 1889 920 seminata
1921 876 1965 917 in
1997 875 2127 918 terris

316 946 552 1001 multiplici
569 947 716 989 fructu
735 948 942 1002 colligere
959 949 1190 990 valeamus
1209 948 1253 988 in
1272 947 1378 989 celis
1395 949 1510 988 vnde
1528 946 1743 988 noueritis
1761 960 1832 987 me
1849 945 1894 986 in
1912 944 2126 986 honorem

314 1015 384 1057 dei
436 1015 758 1070 omnipotentis
809 1016 1073 1058 intemerate
1126 1016 1326 1058 eiusdem
1376 1015 1605 1070 genitricis
1653 1013 1791 1056 marie
1837 1012 2128 1066 omniumque

315 1083 546 1125 celestium
571 1083 749 1126 Ciuium
773 1098 852 1138 pro
883 1085 1026 1126 salute
1050 1083 1198 1126 anime
1221 1098 1318 1125 mee
1341 1083 1489 1125 anime
1518 1082 1693 1137 agnetis
1723 1082 1959 1123 howesone
1981 1078 2128 1121 vxoris

314 1165 411 1193 mee
433 1151 624 1206 prolium
648 1159 904 1194 nostrarum
928 1158 1166 1206 parentum
1186 1158 1228 1193 et
1251 1151 1585 1194 benefactorum
1609 1156 1863 1192 nostrorum
1886 1161 2128 1202 eorumque

314 1219 514 1261 omniurn
538 1235 563 1262 a
586 1220 746 1274 quibus
769 1220 919 1275 aliqua
945 1221 1061 1263 bona
1088 1220 1237 1262 minus
1269 1219 1386 1261 iuste
1418 1219 1658 1261 habuimus
1680 1232 1853 1260 necnon
1877 1216 2128 1259 animarum

314 1287 515 1329 omnium
538 1288 736 1331 fidelium
755 1289 932 1331 dedisse
955 1288 1234 1331 concessisse
1256 1287 1301 1330 in
1319 1302 1477 1342 puram
1501 1294 1544 1329 et
1567 1293 1828 1341 perpetuam
1847 1284 2129 1328 elimosinam

314 1362 357 1398 et
375 1355 461 1398 hac
484 1363 690 1411 presente
713 1363 838 1399 carta
861 1372 962 1399 mea
992 1357 1283 1399 confirmasse
1318 1355 1523 1398 Prouidis
1552 1362 1595 1397 et
1619 1354 1825 1397 discretis
1845 1353 1952 1396 viris
1975 1360 2130 1395 curato

318 1431 361 1466 et
395 1425 641 1479 capellanis
673 1425 797 1467 chori
830 1426 1017 1468 ecclesie
1050 1424 1341 1480 perrochialis
1373 1423 1464 1466 diui
1499 1423 1723 1478 Nicholaij
1759 1425 1812 1465 de
1845 1423 2055 1465 abirdene
2087 1429 2130 1465 et

319 1506 472 1534 eorum
515 1493 850 1536 successoribus
894 1495 1232 1549 Imperpetuum
1268 1493 1434 1535 Totam
1472 1499 1515 1534 et
1552 1492 1773 1547 integram
1811 1491 1934 1534 illam
1966 1498 2131 1533 terram

314 1574 462 1602 meam
486 1575 587 1603 cum
617 1562 905 1616 pertinenciis
930 1564 1159 1604 Iacentem
1183 1562 1296 1603 infra
1314 1561 1483 1603 dictum
1508 1561 1697 1615 burgum
1721 1560 1765 1601 in
1787 1559 1885 1602 vico
1906 1560 2131 1602 furcarum

314 1644 367 1672 ex
389 1630 656 1674 occidentali
689 1637 815 1685 parte
848 1631 1047 1673 eiusdem
1080 1630 1196 1672 inter
1228 1637 1392 1672 terram
1425 1630 1639 1671 heredum
1667 1630 1892 1683 quondam
1917 1628 2133 1671 Iohannis

315 1713 496 1755 murray
532 1714 586 1741 ex
622 1698 808 1741 australi
843 1713 896 1740 ex
923 1714 1011 1741 vna
1048 1705 1213 1740 terram
1247 1699 1401 1740 thome
1435 1697 1540 1740 blak
1569 1712 1622 1739 ex
1650 1696 1816 1739 boreali
1847 1696 2049 1751 partibus
2076 1697 2130 1739 ab

315 1766 457 1810 altera
491 1773 534 1809 et
569 1781 833 1810 communes
866 1766 962 1809 vias
999 1766 1145 1821 regias
1181 1781 1336 1808 versus
1370 1765 1517 1808 oriens
1550 1772 1592 1807 et
1625 1765 1834 1807 occidens
1866 1765 2129 1807 Tenendam

315 1842 358 1877 et
381 1836 635 1879 habendam
658 1842 802 1878 totam
826 1842 868 1877 et
892 1835 1113 1890 integram
1137 1835 1304 1877 dictam
1327 1841 1492 1876 terram
1512 1849 1613 1876 cum
1637 1833 1925 1889 pertinenciis
1947 1832 2132 1888 prefatis

315 1911 470 1947 curato
493 1911 536 1947 et
560 1904 806 1959 capellanis
839 1911 881 1946 et
915 1918 1068 1946 eorum
1093 1903 1399 1946 sucessoribus
1431 1902 1677 1958 capellanis
1710 1901 1816 1945 dicti
1850 1901 1972 1944 chori
2005 1916 2030 1944 a
2060 1916 2131 1944 me

315 1972 554 2015 heredibus
589 1979 631 2015 et
670 1972 913 2027 assignatis
950 1972 1062 2014 meis
1100 1973 1152 2014 de
1188 1986 1396 2027 supremo
1429 1971 1610 2014 domino
1642 1977 1795 2013 nostro
1829 1985 1931 2025 rege
1963 1977 2006 2012 et
2039 1969 2131 2012 suis

315 2040 649 2083 successoribus
681 2041 861 2095 regibus
888 2040 1033 2082 scocie
1066 2039 1111 2081 in
1142 2040 1271 2082 feodo
1303 2046 1346 2082 et
1384 2039 1632 2082 hereditate
1664 2039 1994 2094 imperpetuum
2029 2053 2130 2081 cum

315 2109 437 2152 omni
469 2111 570 2152 Iure
601 2116 645 2152 et
677 2108 962 2151 iurisclameo
994 2108 1126 2151 titulo
1148 2108 1421 2163 proprietate
1453 2116 1496 2150 et
1529 2107 1813 2163 possessione
1840 2122 1941 2149 cum
1969 2107 2131 2150 debitis

315 2177 592 2233 longitudine
611 2185 654 2220 et
672 2177 910 2220 latitudine
927 2191 1030 2219 cum
1048 2176 1236 2231 edificijs
1251 2178 1441 2231 desuper
1459 2175 1730 2218 constructis
1753 2183 1795 2218 et
1820 2175 2131 2218 construendis

316 2261 418 2289 cum
448 2246 670 2302 lapidibus
699 2246 831 2301 lignis
861 2253 904 2287 et
934 2244 1056 2288 calce
1085 2260 1136 2288 ac
1167 2260 1268 2287 cum
1292 2245 1500 2287 omnibus
1533 2245 1634 2300 alijs
1663 2251 1705 2286 et
1737 2244 1925 2299 singulis
1954 2244 2131 2286 liberta-

314 2315 434 2358 tibus
466 2315 863 2358 commoditatibus
895 2322 937 2356 et
971 2314 1234 2356 asiamentis
1257 2328 1308 2356 ac
1341 2314 1471 2356 iustis
1503 2313 1595 2356 suis
1629 2313 1917 2369 pertinenciis
1954 2313 2131 2367 quibus-

316 2398 490 2439 cunque
522 2391 616 2426 tam
643 2398 732 2426 non
762 2382 1006 2425 nominatis
1037 2397 1171 2437 quam
1204 2381 1448 2424 nominatis
1479 2388 1572 2424 tam
1604 2383 1762 2423 subtus
1793 2389 1958 2423 terram
1996 2395 2130 2435 quam

316 2466 450 2506 supra
486 2453 543 2494 ad
579 2452 827 2507 predictam
869 2457 1034 2493 terram
1077 2465 1179 2492 cum
1221 2450 1509 2505 pertinenciis
1547 2450 1855 2505 spectantibus
1897 2464 1974 2491 seu
2016 2450 2132 2491 iuste

318 2526 519 2575 spectare
569 2520 823 2562 valentibus
874 2518 1206 2574 quomodolibet
1251 2518 1296 2559 in
1347 2518 1546 2560 futurum
1598 2519 1708 2560 adeo
1755 2518 1890 2560 libere
1934 2517 2131 2572 plenarie

317 2588 488 2644 integre
510 2589 752 2631 honorifice
775 2591 886 2632 bene
910 2595 952 2630 et
982 2588 1026 2630 in
1050 2603 1159 2643 pace
1188 2587 1233 2629 in
1263 2587 1470 2630 omnibus
1499 2594 1542 2629 et
1572 2602 1649 2642 per
1671 2587 1821 2629 omnia
1844 2586 1959 2629 sicut
1982 2586 2132 2641 aliqua

317 2664 436 2700 terra
459 2657 572 2700 infra
594 2657 764 2700 dictum
797 2658 986 2712 burgum
1019 2656 1229 2698 venditur
1261 2657 1393 2698 datur
1425 2662 1502 2698 aut
1534 2655 1579 2697 in
1609 2670 1766 2710 puram
1796 2662 1838 2697 et
1868 2662 2131 2710 perpetuam

318 2725 601 2768 elimosinam
625 2725 884 2767 conceditur
907 2725 1001 2766 sine
1023 2724 1309 2767 reuocatione
1337 2723 1657 2766 reclamatione
1681 2731 1756 2766 aut
1781 2723 2132 2766 contradictione

318 2793 501 2849 aliquali
524 2793 611 2836 mei
633 2794 847 2836 heredum
881 2808 1081 2835 meorum
1115 2800 1191 2835 aut
1221 2792 1409 2834 aliorum
1433 2807 1798 2847 quorumcunque
1830 2793 2130 2847 Quamobrem

319 2863 427 2905 dicti
451 2869 634 2905 curatus
651 2869 694 2904 et
712 2862 932 2917 capellani
951 2868 993 2904 et
1011 2876 1165 2904 eorum
1184 2875 1466 2903 successores
1480 2861 1767 2903 celebrabunt
1793 2861 2130 2915 Imperpetuum

318 2946 396 2986 pro
413 2931 563 2973 anima
578 2946 678 2973 mea
693 2938 736 2973 et
751 2931 902 2973 anima
917 2930 1024 2972 dicti
1039 2930 1214 2984 agnetis
1229 2930 1466 2972 howesone
1481 2929 1628 2971 vxoris
1644 2944 1741 2971 mee
1757 2929 1878 2971 omni
1897 2930 2131 2971 ebdomida

2155 605 2212 637 fol.
2231 606 2270 639 75
2282 604 2293 624 ยน
