2524 3418
271 1369 327 1401 fol.
346 1370 409 1402 28²

566 321 619 363 70
1112 311 1283 352 chtale
1313 311 1458 353 altaris
1489 311 1635 353 Sancti
1664 313 1830 355 dutlzaci

566 432 607 466 et
647 424 828 478 quilibet
881 425 1088 466 chamera
1136 426 1211 466 dat
1253 425 1484 467 annuatim
1537 425 1638 480 xviij
1663 441 1684 468 s
1716 433 1758 468 et
1800 428 1983 471 taberna
2024 428 2097 484 viij
2123 444 2144 471 s
2185 444 2360 474 summa

566 578 683 605 nunc
716 563 947 605 annuatim
981 563 1053 617 xiij
1075 578 1094 604 s
1127 563 1187 618 iiij
1209 564 1234 605 d
1261 570 1303 606 et
1327 564 1508 607 domine
1539 564 1746 620 episeopo
1776 580 1839 608 xs
1873 568 1932 609 Et
1961 566 2048 610 alia
2079 568 2238 610 domus
2271 582 2362 610 ver-

567 648 642 676 sus
678 642 877 676 austrum
920 633 1052 675 soluit
1084 647 1140 674 xx
1162 648 1182 675 s
1214 640 1256 676 et
1290 635 1448 677 domus
1484 635 1528 677 in
1566 650 1652 690 qua
1689 642 1777 678 stat
1813 636 1968 680 fornax
1998 651 2025 679 x
2047 651 2068 679 s
2103 643 2146 680 et
2178 638 2361 680 horeum

566 717 653 745 non
680 705 913 746 assedatur
934 702 1065 746 alicui
1089 705 1143 745 ad
1167 718 1348 758 presens
1371 705 1431 747 Et
1453 719 1588 748 vnum
1619 720 1816 749 annuum
1843 707 2063 750 redditum
2086 721 2112 749 x
2130 722 2150 750 s
2172 708 2225 751 de
2246 714 2363 752 terra

565 774 726 815 andree
778 773 993 827 kennerty
1045 774 1225 815 Iacente
1276 773 1320 815 in
1373 775 1527 817 eadem
1573 774 1862 818 vniuersitate
1913 775 2194 820 abirdonensi
2250 777 2366 820 inter

564 848 727 884 terram
767 841 982 884 Iohannis
1017 856 1133 897 zong
1172 856 1225 884 ex
1265 843 1449 887 australi
1491 850 1533 887 et
1574 851 1737 888 terram
1774 845 1993 890 Willelmi
2034 846 2271 891 Wilsoune
2311 861 2364 890 ex

565 911 717 954 boriali
756 911 955 966 partibus
992 913 1047 955 ab
1083 912 1223 956 altera

910 981 1030 1024 Nota
1052 983 1168 1036 quod
1191 996 1346 1025 omnes
1378 982 1610 1039 prescripti
1633 983 1769 1027 annui
1791 984 1990 1028 redditus
2010 991 2226 1029 terrarum
2259 991 2362 1028 sunt

795 1052 847 1093 de
869 1051 1004 1094 fundo
1033 1051 1231 1107 ipsarum
1254 1053 1599 1108 prescriptarum
1623 1061 1751 1110 prout
1774 1054 1915 1098 lacius
1940 1055 1984 1098 in
2011 1055 2146 1099 cartis
2177 1057 2365 1112 desuper

796 1121 1011 1163 confectis
1034 1121 1209 1176 plenius
1231 1123 1484 1167 continetur

1344 1277 1585 1319 XXXVII.

563 1366 735 1408 Rentale
775 1366 920 1409 altaris
971 1367 1116 1410 Sancti
1155 1368 1322 1411 dutlzacz'
1361 1370 1407 1411 in
1451 1370 1615 1413 ecclesia
1655 1371 1891 1427 parochiali
1934 1372 2040 1414 beati
2086 1371 2268 1415 nicholai
2316 1372 2364 1414 de

1325 1439 1517 1482 abirdene
1543 1441 1603 1483 &a

630 1531 669 1571 N
694 1529 849 1585 primis
871 1533 924 1573 de
946 1531 1075 1574 terris
1097 1535 1322 1588 quondam
1356 1535 1571 1578 Iohannis
1602 1535 1819 1578 torclecht
1853 1537 2034 1578 Iacente
2059 1535 2172 1578 infra
2193 1534 2362 1578 dictum

658 1601 844 1654 burgum
861 1601 914 1642 de
929 1601 1137 1644 abirdene
1152 1602 1197 1644 in
1214 1602 1312 1645 vico
1328 1604 1540 1658 superiori
1556 1604 1741 1646 ecclesie
1756 1619 1808 1646 ex
1825 1604 2009 1647 australi
2024 1610 2150 1658 parte
2163 1603 2362 1646 eiusdem

560 1669 645 1711 vici
668 1669 783 1712 inter
803 1677 965 1713 terram
989 1672 1167 1714 donaldi
1186 1674 1445 1728 straquhine
1462 1688 1514 1716 ex
1536 1674 1738 1717 orientali
1761 1680 1803 1716 et
1825 1680 2066 1716 torrentem
2089 1688 2142 1716 ex
2162 1673 2363 1716 occiden-

560 1739 639 1780 tali
661 1754 688 1780 x
705 1754 726 1781 s
749 1741 863 1782 Item
887 1742 940 1783 de
961 1748 1078 1784 terra
1099 1744 1323 1797 quondam
1349 1745 1564 1787 Iohannis
1589 1745 1706 1788 traill
1729 1759 1782 1787 ex
1803 1744 1987 1788 australi
2013 1751 2139 1799 parte
2164 1743 2362 1787 eiusdem

561 1809 646 1851 vici
678 1809 793 1852 inter
821 1817 985 1853 terram
1019 1814 1243 1866 quondam
1275 1813 1429 1856 thome
1462 1821 1560 1869 prat
1593 1829 1646 1857 ex
1671 1814 1875 1857 orientali
1907 1820 1950 1856 et
1982 1827 2243 1857 communes
2266 1812 2363 1856 vias

561 1879 704 1934 regias
724 1894 878 1922 versus
904 1881 1111 1924 occidens
1138 1889 1181 1925 et
1211 1883 1380 1927 boriarn
1407 1891 1450 1926 et
1477 1891 1641 1928 terram
1665 1886 1888 1940 quondam
1918 1884 2051 1927 dauid
2079 1884 2181 1927 club
2207 1897 2363 1927 versus

561 1956 762 1991 austrum
788 1965 811 1992 v
829 1965 849 1992 s
882 1952 996 1993 Item
1020 1953 1073 1994 de
1094 1959 1211 1996 terra
1233 1955 1456 2008 quondam
1490 1955 1705 1998 Iohannis
1733 1954 1901 2011 scrogis
1931 1956 2112 1998 Iacente
2133 1969 2186 1997 ex
2207 1952 2362 1998 boriali

561 2025 686 2072 parte
709 2019 906 2062 eiusdem
927 2020 1013 2063 vici
1036 2021 1151 2064 inter
1166 2029 1329 2066 terram
1354 2026 1577 2078 quondam
1595 2026 1771 2068 Andree
1793 2039 1996 2080 murraye
2019 2039 2071 2066 ex
2092 2022 2296 2066 orientali
2319 2029 2361 2065 et

559 2095 722 2130 terram
747 2089 897 2132 Iacobi
924 2090 1169 2134 collisoune
1191 2106 1243 2134 ex
1265 2093 1531 2136 occidentali
1552 2109 1579 2137 v
1597 2109 1617 2137 s
1645 2096 1760 2137 Item
1783 2095 1835 2137 de
1857 2100 1974 2136 terra
1995 2093 2203 2136 interiore
2225 2106 2361 2147 quon-

559 2158 662 2200 dam
685 2157 901 2214 Willelmj
926 2160 1115 2215 tulydeff
1131 2160 1176 2203 in
1198 2161 1296 2204 vico
1317 2163 1539 2206 furcarum
1558 2178 1610 2206 ex
1627 2162 1892 2206 occidentali
1914 2169 2039 2218 parte
2060 2162 2257 2205 eiusdem
2273 2161 2359 2217 vicj

561 2226 676 2269 inter
707 2233 870 2270 terram
908 2229 1123 2272 Iohannis
1159 2231 1403 2275 collisoune
1435 2247 1488 2276 ex
1519 2233 1724 2276 orientali
1756 2239 1798 2275 et
1834 2233 1981 2276 lacurn
2015 2246 2068 2274 ex
2095 2231 2360 2274 occidentali

561 2302 604 2337 et
632 2302 796 2339 terram
829 2299 1053 2352 quondam
1080 2300 1298 2343 Willelmi
1330 2301 1538 2345 abirdour
1566 2317 1721 2345 versus
1752 2308 1953 2344 austrum
1984 2307 2027 2344 et
2059 2307 2222 2344 terram
2254 2300 2361 2344 dicti

564 2366 779 2409 Iohannis
809 2382 963 2410 versus
999 2369 1168 2412 boriam
1199 2371 1241 2426 vj
1262 2386 1282 2413 s
1316 2373 1430 2414 Item
1465 2373 1518 2415 de
1554 2379 1672 2415 terra
1710 2374 1890 2415 Iacente
1926 2371 1971 2413 in
2004 2371 2044 2413 le
2077 2385 2211 2426 grene
2246 2370 2363 2413 inter

562 2442 803 2478 torrentem
836 2451 889 2479 ex
920 2438 1123 2482 orientali
1160 2454 1212 2482 ac
1247 2447 1412 2484 terram
1444 2441 1659 2485 Iohannis
1692 2441 1836 2484 litster
1868 2455 1920 2483 ex
1956 2439 2220 2482 occidentali
2256 2454 2313 2482 xx
2334 2440 2361 2482 d

564 2506 678 2547 Item
700 2520 836 2548 vnum
866 2513 1172 2551 tenementum
1195 2509 1400 2553 videlicet
1431 2517 1594 2554 terram
1628 2525 1773 2553 meam
1808 2512 1904 2552 Iam
1925 2516 2100 2552 vastam
2134 2510 2294 2552 Iacens
2315 2508 2360 2550 in

560 2572 658 2616 vico
680 2574 862 2617 nauium
889 2575 1005 2619 inter
1035 2584 1198 2620 terram
1221 2579 1439 2622 Willelmi
1472 2579 1584 2622 moir
1604 2594 1657 2622 ex
1678 2585 1803 2634 parte
1825 2578 2090 2621 occidentali
2122 2584 2165 2620 et
2195 2584 2359 2621 terram

563 2643 777 2686 Iohannis
808 2645 936 2700 gouis
967 2661 1019 2688 ex
1051 2647 1254 2691 orientali
1282 2650 1342 2691 Et
1368 2656 1531 2692 terram
1562 2664 1708 2692 meam
1737 2651 1832 2692 Iam
1861 2655 2036 2692 vastam
2065 2650 2292 2691 Iacentem
2315 2647 2360 2689 in

561 2715 714 2756 eodem
744 2714 842 2757 vico
871 2715 986 2758 inter
1012 2723 1176 2760 terram
1211 2719 1426 2762 Iohannis
1457 2719 1585 2775 gouis
1616 2733 1669 2761 ex
1700 2718 1965 2761 occidentali
1987 2724 2030 2760 et
2051 2717 2169 2760 viam
2190 2716 2358 2772 regiam

559 2796 611 2824 ex
634 2790 758 2837 parte
780 2784 983 2828 orientali
1015 2788 1129 2829 Item
1153 2788 1213 2843 iiij
1233 2804 1254 2831 s
1275 2789 1336 2844 iiij
1357 2791 1383 2832 d
1406 2790 1459 2832 de
1480 2796 1597 2832 terra
1622 2789 1774 2832 thome
1801 2789 1963 2832 litsteir
1992 2790 2174 2832 Iacente
2195 2786 2240 2830 in
2261 2787 2360 2830 vico

559 2852 781 2906 superiore
804 2854 989 2897 ecclesie
1011 2855 1127 2898 inter
1151 2863 1314 2900 terram
1338 2860 1419 2901 ade
1442 2858 1603 2900 litsteir
1629 2873 1682 2900 ex
1710 2865 1834 2914 parte
1863 2857 2096 2902 borientali
2123 2863 2166 2900 et
2193 2862 2357 2899 terram

558 2921 710 2963 thome
732 2923 849 2965 traill
873 2939 925 2966 ex
947 2933 1071 2979 parte
1094 2927 1277 2969 australi
1301 2928 1361 2969 Et
1384 2927 1503 2970 aliud
1526 2942 1724 2970 annuum
1751 2927 1971 2971 redditum
1993 2927 2034 2982 vj
2055 2941 2076 2970 S
2097 2932 2140 2970 et
2161 2925 2235 2981 viij
2255 2926 2283 2968 d
2305 2926 2358 2968 de
