2524 3418
541 349 595 401 46
1177 345 1301 387 Carta
1339 345 1540 387 Willelmi
1569 345 1610 386 F
1611 345 1721 386 utlces

541 461 681 503 laicus
712 460 995 503 Indubitatus
1025 459 1270 514 capellanie
1300 458 1442 501 sancti
1474 458 1656 513 Ninianj
1693 458 1737 500 in
1767 457 1955 501 ecclesia
1981 457 2098 501 beati
2130 457 2338 513 nicholaij

540 532 593 573 de
635 531 854 573 Abirdene
897 530 1060 571 situate
1105 528 1405 571 Reuerencias
1441 535 1484 570 et
1527 529 1716 570 honores
1754 527 1869 584 Quia
1910 527 2204 582 capellaniam
2246 542 2341 582 per-

541 607 720 653 petuam
754 598 998 653 predictam
1029 599 1081 640 de
1113 599 1213 640 Iure
1242 605 1284 640 et
1314 599 1368 640 de
1395 597 1514 640 facto
1545 604 1780 640 vacantem
1811 612 1889 652 per
1914 597 2083 640 obitum
2117 599 2341 652 quondam

540 668 706 710 domini
758 667 970 710 Iohannis
1013 668 1210 710 Chamar
1250 675 1326 710 aut
1374 667 1485 710 alias
1535 675 1770 710 vacantem
1818 667 1961 710 vltimi
1999 674 2041 710 et
2087 667 2342 710 Immediati

540 739 629 780 veri
667 753 718 781 ac
760 740 882 780 Iuste
920 738 1189 793 possessoris
1226 738 1424 781 eiusdem
1467 740 1571 781 dum
1613 739 1784 781 uixerat
1825 738 2055 781 dominum
2094 739 2341 781 Iohannem

542 809 656 850 Blak
697 808 988 862 presbiterum
1030 807 1352 850 Abirdonensis
1389 808 1616 850 dioceseos
1657 807 1800 850 eidem
1837 807 2037 863 priuitati
2069 814 2146 850 aut
2177 807 2343 850 vicario

538 878 734 932 generali
776 877 974 920 eiusdem
1023 877 1247 932 priuitatis
1295 877 1569 933 presentium
1617 884 1770 920 tenore
1817 877 1968 921 animo
2009 891 2097 920 non
2141 876 2340 932 variandj

540 963 640 990 cum
678 948 934 990 omnimodo
969 949 1070 990 Iure
1107 948 1242 990 michi
1281 954 1512 1003 spectante
1545 950 1791 991 secundum
1823 955 2024 991 tenorem
2062 947 2343 991 fundacionis

539 1017 736 1060 eiusdem
779 1017 1024 1072 capellanie
1066 1024 1323 1073 presentato
1357 1019 1544 1061 eandem
1582 1018 1839 1073 priuitatem
1876 1018 2034 1061 humili
2067 1017 2343 1060 exortatione

541 1089 758 1142 Rogando
795 1094 1015 1142 quatenus
1057 1090 1243 1131 eandem
1287 1089 1595 1143 Capellaniam
1632 1089 1751 1132 dicto
1793 1088 1972 1132 domino
2016 1087 2206 1131 Iohanni
2243 1102 2343 1130 meo

538 1164 794 1211 presentato
826 1172 926 1200 cum
960 1158 1088 1200 firma
1114 1158 1257 1200 eidem
1281 1158 1540 1213 Capellanie
1569 1173 1742 1202 annexa
1771 1160 1824 1201 de
1852 1159 1892 1201 le
1924 1159 2034 1213 park
2061 1159 2115 1200 de
2143 1159 2343 1200 drvmme

538 1227 691 1268 decern
715 1241 964 1269 mercarum
988 1226 1175 1282 singulis
1192 1227 1322 1270 annis
1344 1234 1387 1270 et
1411 1228 1553 1271 solitis
1575 1228 1861 1283 pertinenciis
1883 1228 2082 1271 eiusdem
2105 1227 2344 1271 conferatis

537 1309 589 1337 ac
612 1295 694 1338 sibi
717 1297 770 1338 de
793 1297 947 1338 eadem
971 1297 1099 1339 firma
1121 1303 1163 1339 et
1189 1297 1410 1340 vniuersis
1433 1297 1720 1353 pertinenciis
1749 1298 1948 1341 eiusdem
1981 1298 2226 1353 capellanie
2248 1312 2342 1352 pre-

538 1365 655 1407 dicte
691 1365 806 1407 sicut
841 1366 908 1408 sui
941 1367 1277 1420 predecessores
1314 1368 1470 1410 eadem
1506 1369 1760 1423 gaudebant
1802 1374 2016 1422 perpetuo
2051 1367 2254 1410 facienda
2291 1381 2343 1409 ac

538 1442 686 1477 cetera
708 1435 795 1477 alia
819 1442 861 1477 et
886 1435 1061 1490 singula
1085 1436 1166 1478 sibi
1188 1436 1391 1479 facienda
1413 1451 1498 1491 que
1521 1452 1572 1479 ex
1594 1443 1741 1480 vestro
1763 1437 1907 1480 officia
1928 1436 2142 1492 pastorali
2166 1438 2343 1479 Incum-

539 1507 646 1547 bunt
676 1507 850 1560 agenda
880 1508 932 1548 In
956 1506 1095 1549 Cuius
1125 1507 1207 1549 Rei
1230 1507 1536 1550 testimonium
1561 1507 1756 1563 sigillum
1780 1522 1929 1550 meum
1962 1505 2244 1562 presentibus
2275 1511 2342 1548 est

537 1589 784 1630 appensum
818 1577 934 1630 apud
967 1577 1096 1618 drum
1127 1591 1243 1619 nono
1277 1577 1348 1620 die
1381 1577 1549 1620 mensis
1587 1578 1702 1633 Iunij
1742 1579 1872 1620 Anno
1904 1576 2072 1620 domini
2104 1575 2343 1618 millesimo

538 1645 978 1700 quadringentesimo
1030 1647 1321 1701 nonagesimo
1372 1647 1527 1702 quinto
1574 1650 1737 1691 Coram
1779 1648 1866 1690 hiis
1905 1648 2096 1691 testibus
2142 1646 2343 1689 Iohanne

540 1716 686 1758 Skene
714 1716 902 1771 gilberto
934 1718 1050 1759 Ross
1079 1725 1122 1760 et
1145 1718 1376 1761 Willelmo
1399 1718 1533 1762 Clerk
1558 1733 1609 1762 ac
1632 1719 1863 1763 Willelmo
1891 1719 2009 1762 lutar
2030 1733 2132 1762 cum
2155 1716 2344 1761 diuersis

538 1785 640 1840 alijs

1347 1939 1528 1982 XXIII.

241 2037 298 2069 sol.
317 2037 380 2069 21²
543 2028 671 2085 Copia
710 2029 829 2072 Carte
866 2030 1068 2072 Willelmi
1087 2031 1225 2086 futlzes
1258 2033 1306 2074 de
1340 2047 1478 2076 annuo
1508 2034 1692 2076 Reddita
1722 2033 1875 2090 vigintj
1903 2034 2128 2077 solidorum
2157 2033 2205 2075 de
2236 2036 2345 2074 terra

660 2099 862 2141 Willelmi
888 2099 1107 2156 Niclzolaij
1127 2104 1163 2143 et
1185 2101 1233 2143 de
1260 2106 1434 2157 quatuor
1455 2102 1681 2146 solidorum
1705 2103 1752 2145 de
1776 2107 1883 2146 terra
1907 2103 2110 2158 Inferiore
2141 2100 2344 2146 Willelmi

654 2168 783 2211 litster
802 2169 908 2211 alias
929 2173 1040 2225 spens

243 2292 283 2311 xx
302 2291 327 2311 S,
345 2287 404 2313 out
421 2281 460 2313 of
663 2262 909 2306 MNIBUS
947 2263 1063 2305 hanc
1105 2270 1275 2306 cartam
1311 2264 1473 2307 visuris
1508 2266 1577 2308 vel
1613 2266 1845 2309 Audituris
1877 2265 2136 2310 Willelmus
2170 2264 2342 2307 Futhes

243 2325 485 2399 ξῖἓξξὲῃῗθῃ·
718 2332 951 2387 burgensis
977 2333 1101 2388 burgi
1128 2335 1181 2376 de
1209 2334 1430 2378 Abirdene
1457 2337 1674 2379 Eternam
1697 2336 1742 2378 in
1769 2335 1949 2379 domino
1975 2336 2166 2378 salutem
2195 2336 2342 2377 Noue-

243 2411 396 2442 william
538 2400 635 2442 ritis
658 2415 728 2443 me
755 2401 799 2443 in
824 2404 1129 2457 Augmentum
1159 2404 1294 2459 divinj
1321 2405 1482 2448 Cultus
1510 2406 1723 2448 honorem
1746 2406 1814 2461 dej
1839 2404 2160 2460 omnipotentis
2181 2403 2342 2448 beatis-

244 2455 506 2529 ᾒξῗὲῃῃῑὲζζνῐῗζε
540 2470 651 2512 sime
668 2471 850 2526 virginis
865 2472 1003 2515 marie
1022 2473 1175 2528 Sanctj
1196 2475 1307 2530 petrj
1326 2476 1531 2530 Apostoli
1549 2482 1591 2518 et
1609 2476 1809 2518 omnium
1825 2481 2083 2518 sanctorum
2100 2489 2179 2530 pro
2197 2474 2342 2517 salute

241 2540 328 2615 ἓξὲξ
342 2541 487 2616 ῗὲῃῐέθη-
540 2540 688 2583 anime
711 2556 807 2584 mee
830 2542 1080 2585 animarum
1102 2544 1290 2599 Agnetis
1312 2545 1524 2588 auchneif
1541 2560 1703 2600 sponse
1725 2559 1823 2588 mee
1844 2544 2002 2600 prioris
2020 2546 2081 2587 Et
2103 2543 2340 2587 Elizabeth

539 2623 669 2664 crage
692 2625 853 2665 sponse
876 2626 973 2654 mee
995 2614 1205 2655 moderne
1236 2614 1427 2668 prolium
1459 2621 1711 2658 nostrarum
1741 2621 1977 2670 parentum
2009 2615 2340 2658 benefactorum

539 2694 590 2721 ac
616 2694 767 2722 eorum
791 2696 817 2723 a
839 2682 998 2736 quibus
1028 2682 1177 2738 aliqua
1205 2684 1321 2727 bona
1349 2684 1498 2727 minus
1529 2685 1644 2728 iuste
1676 2685 1810 2740 habuj
1841 2692 1884 2727 et
1913 2685 2113 2728 omnium
2142 2685 2340 2727 fidelium

538 2750 846 2793 defunctorum
879 2752 1054 2795 dedisse
1086 2754 1362 2797 concessisse
1393 2761 1436 2798 et
1458 2756 1542 2798 hac
1564 2755 1758 2811 presenti
1784 2762 1908 2799 carta
1931 2770 2031 2798 mea
2052 2756 2341 2799 confirmasse

539 2819 717 2862 Vicario
739 2827 782 2862 et
805 2822 1050 2876 capellanis
1082 2823 1215 2878 Chorj
1241 2825 1426 2867 ecclesie
1453 2825 1722 2879 parochialis
1753 2826 1870 2880 beatj
1899 2825 2106 2880 Nicholaj
2137 2825 2262 2881 burgj
2287 2826 2340 2868 de

537 2890 767 2932 Aberdene
795 2897 914 2933 totos
936 2898 979 2934 et
1004 2893 1209 2947 Integros
1237 2908 1411 2937 annuos
1441 2895 1661 2938 Redditus
1689 2910 1813 2938 meos
1841 2896 2114 2950 subscriptos
2134 2894 2340 2938 videlicet

539 2959 672 3001 Illum
695 2974 894 3003 annuum
928 2963 1171 3005 Redditum
1200 2979 1349 3006 meum
1378 2965 1532 3020 vigintj
1565 2966 1806 3009 solidorum
1839 2966 2070 3008 annuatim
2104 2971 2339 3008 exeuntem
