2524 3418
200 509 369 540 Fundatio

200 553 301 583 misse
319 553 358 583 de

200 596 311 637 requie
330 605 388 636 pro

198 639 335 669 domino
354 639 436 669 Wil-

199 683 301 713 lelrno
320 682 456 722 Elphin-

199 732 296 755 stoun
316 732 442 756 rectore

197 769 237 799 de
255 769 321 799 clat
340 769 381 799 ad

198 813 303 842 altare
321 819 436 843 sancte

197 855 299 886 marie

197 1008 316 1049 gilbert
334 1015 462 1048 crystes

198 1053 276 1082 land
295 1052 361 1082 this
379 1063 420 1082 xx
435 1062 450 1082 s

199 1096 227 1125 It
246 1105 349 1136 payes
367 1095 431 1125 and

196 1140 226 1179 vj
243 1149 257 1169 s
275 1139 329 1180 viij
348 1139 431 1169 mair

190 1392 246 1423 fol.
265 1391 325 1423 93¹

493 324 516 354 2
521 324 575 364 30
959 311 1148 353 Venditio
1179 316 1279 352 terre
1309 325 1335 352 a
1367 311 1522 353 Curato
1553 315 1588 352 et
1618 311 1836 366 capellanis

1351 427 1446 467 CX.

611 508 999 548 ENERABILIS
1017 506 1082 547 vir
1104 506 1310 548 dominus
1325 506 1582 548 VVillelmus
1606 505 1935 560 Elphinstoune
1955 508 2118 548 Rector
2135 507 2186 548 de
2205 507 2293 549 clat

665 577 867 619 fundauit
882 590 1014 617 vnam
1032 576 1214 617 missam
1231 577 1283 617 de
1298 575 1447 629 requie
1463 576 1772 617 celebrandam
1788 577 1843 617 ad
1859 575 1997 617 altare
2012 575 2200 630 gloriose
2209 575 2293 617 vir-

500 647 614 700 ginis
633 646 767 687 marie
787 645 980 699 qualibet
996 644 1103 686 feria
1127 646 1321 686 secunda
1344 644 1569 698 perpetuis
1591 643 1864 698 temporibus
1878 643 2038 685 futuris
2055 658 2132 698 pro
2150 644 2293 685 salute

500 717 658 757 Anime
701 729 777 756 sue
820 715 1069 756 animarum
1113 722 1348 768 parentum
1392 714 1722 756 benefactorum
1765 728 1817 755 ac
1859 714 2057 755 omnium
2095 713 2291 756 fidelium

499 787 806 827 defunctorum
842 786 925 826 Pro
958 799 1044 838 qua
1076 784 1293 838 capellani
1327 784 1449 825 chori
1482 784 1599 825 beati
1632 783 1839 837 nicholaij
1869 783 1975 825 dicti
2001 782 2126 837 burgi
2159 783 2292 824 infeo-

498 859 659 898 dantur
691 856 734 896 in
766 870 852 896 vno
884 869 1032 896 annuo
1065 855 1238 896 redditu
1269 854 1425 908 viginti
1459 854 1698 896 solidorum
1731 855 1783 895 de
1805 867 1892 894 vna
1922 859 2039 894 terra
2073 852 2292 894 anteriore

497 927 718 980 quondam
752 926 926 966 Andree
960 924 1089 965 ackin
1134 925 1314 965 Iacente
1356 923 1399 964 in
1443 938 1553 965 cono
1585 923 1669 965 vici
1708 923 1903 965 Nauium
1937 923 2204 964 ascendente
2236 922 2291 963 ad

495 995 640 1036 vicum
675 993 809 1035 castri
843 993 957 1034 inter
989 999 1151 1033 terram
1185 991 1358 1045 gilberti
1382 992 1526 1033 W'aus
1558 992 1610 1032 de
1645 992 1782 1045 Many
1804 1005 1856 1032 ex
1881 989 2084 1031 orientali
2107 996 2150 1030 et
2173 1003 2290 1031 com-

495 1077 673 1104 munem
697 1062 813 1103 viam
838 1060 1005 1114 regiam
1023 1074 1178 1101 versus
1201 1059 1406 1101 occidens
1429 1066 1471 1100 et
1495 1065 1659 1100 terram
1683 1058 1838 1100 altaris
1861 1059 2091 1100 beatorum
2115 1056 2290 1111 georgei

495 1131 688 1173 martiris
720 1137 762 1171 et
796 1129 947 1170 thome
980 1127 1169 1182 apostoli
1200 1141 1354 1168 versus
1386 1128 1564 1168 boream
1597 1132 1639 1167 et
1673 1139 1956 1168 communem
1978 1124 2095 1166 viam
2122 1124 2288 1179 regiam

491 1214 644 1242 versus
667 1205 867 1241 austrum

1321 1313 1442 1354 CXI.

619 1397 867 1439 MNIBUS
901 1395 1016 1437 hanc
1049 1396 1232 1437 Cartam
1255 1394 1415 1436 visuris
1436 1394 1504 1435 vel
1537 1393 1754 1436 audituris
1786 1394 1980 1435 Curatus
2001 1398 2044 1434 et
2067 1391 2284 1446 capellanj

674 1465 794 1507 chori
817 1465 1002 1507 ecclesie
1025 1463 1312 1518 perrochialis
1335 1463 1458 1517 burgj
1484 1464 1536 1504 de
1554 1462 1778 1504 Abirdenn
1802 1463 2018 1503 Eternam
2041 1461 2084 1502 in
2101 1460 2287 1502 domino

490 1535 690 1576 Salutem
716 1533 943 1576 Noueritis
965 1547 1046 1574 nos
1069 1547 1170 1574 cum
1198 1546 1417 1574 consensu
1440 1538 1482 1573 et
1505 1545 1692 1573 assensu
1715 1530 1894 1572 cristine
1917 1530 2134 1572 meldrum
2156 1529 2286 1572 vidue

488 1603 673 1645 liberum
703 1609 1010 1644 tenementum
1043 1608 1158 1643 terre
1191 1600 1438 1654 subscripte
1471 1599 1676 1642 habentis
1704 1598 1896 1641 vtilitate
1928 1598 2113 1640 ecclesie
2135 1598 2179 1640 in
2202 1598 2286 1641 hac

487 1680 610 1726 parte
641 1673 843 1726 vndeque
875 1671 1051 1726 preuisa
1083 1677 1126 1713 et
1158 1670 1392 1725 diligenter
1423 1669 1704 1712 considerata
1729 1669 1903 1711 dedisse
1934 1668 2209 1712 concessisse
2230 1669 2286 1711 ad

485 1742 776 1784 feodifirmam
811 1741 1032 1783 dimisisse
1065 1747 1107 1782 et
1141 1740 1224 1782 hac
1257 1739 1450 1794 presentj
1486 1746 1609 1781 carta
1635 1745 1787 1781 nostra
1820 1739 2108 1781 confirmasse
2133 1745 2285 1780 nostro

486 1811 647 1853 dilecto
693 1811 880 1864 Iohannj
927 1810 1125 1852 simsoun
1174 1816 1316 1851 totam
1358 1815 1401 1850 et
1445 1809 1672 1863 Integram
1714 1808 1837 1850 illam
1879 1815 2044 1850 terram
2085 1813 2284 1849 nostram

486 1880 751 1922 anteriorem
795 1894 895 1921 cum
948 1879 1040 1921 suis
1091 1877 1371 1933 pertinentiis
1412 1877 1590 1932 penitus
1631 1883 1805 1919 vastam
1858 1883 1901 1918 et
1954 1875 2283 1930 Inhospitatam

488 1950 715 1991 Iacentem
748 1948 860 1990 infra
893 1948 1060 1990 dictum
1094 1949 1282 2002 burgum
1315 1946 1359 1988 in
1391 1947 1488 1988 vico
1520 1946 1743 1988 furcarum
1777 1960 1828 1988 ex
1861 1944 2125 1988 occidentali
2159 1951 2284 2000 parte

486 2019 700 2060 Eiusdem
734 2019 816 2073 vicj
862 2019 976 2060 inter
1016 2025 1180 2060 terram
1224 2017 1555 2072 capellanorum
1601 2016 1786 2059 ecclesie
1829 2014 2127 2058 Cathideralis
2158 2014 2282 2057 Abir-

485 2088 694 2129 donensis
736 2102 787 2129 ex
829 2087 1013 2130 australi
1050 2101 1102 2129 ex
1137 2102 1225 2129 vna
1261 2094 1304 2129 et
1345 2094 1509 2129 terram
1553 2087 1776 2140 quondam
1821 2085 2036 2127 Iohannis
2071 2084 2193 2140 myln
2229 2099 2283 2126 ex

485 2158 650 2200 boreali
674 2158 873 2212 partibus
895 2159 950 2200 ab
973 2158 1113 2199 altera
1137 2158 1196 2199 Et
1219 2170 1503 2199 communem
1525 2155 1641 2197 viam
1675 2155 1863 2209 Regiam
1885 2168 2039 2196 versus
2071 2153 2217 2195 oriens
2238 2159 2281 2195 et

484 2233 647 2268 terram
672 2226 924 2268 interiorem
948 2226 1146 2268 eiusdem
1169 2225 1410 2279 tenementj
1435 2239 1589 2266 versus
1612 2224 1832 2267 Occidens
1854 2223 2213 2265 TENENDAM
2237 2228 2280 2263 et

485 2296 734 2337 habendam
758 2303 900 2337 totam
924 2302 966 2337 et
991 2297 1217 2349 Integram
1250 2295 1415 2337 dictam
1447 2302 1610 2336 terram
1644 2292 1910 2335 anteriorem
1943 2306 2044 2334 cum
2072 2291 2164 2334 suis
2186 2305 2280 2346 per-

483 2365 685 2407 tinentiis
719 2365 888 2419 prefato
928 2365 1116 2420 Iohannj
1152 2365 1388 2407 heredibus
1421 2364 1512 2406 suis
1544 2371 1587 2406 et
1620 2364 1712 2406 suis
1744 2363 1984 2417 assignatis
2016 2377 2042 2404 a
2072 2361 2200 2404 nobis
2236 2368 2279 2404 et

484 2436 815 2477 successoribus
855 2435 1021 2477 nostris
1057 2437 1110 2477 de
1148 2450 1384 2490 suppremo
1427 2434 1622 2477 Domino
1662 2439 1814 2475 nostro
1855 2447 1957 2487 rege
1993 2432 2037 2474 in
2072 2432 2200 2474 feodo
2237 2437 2279 2473 et

483 2505 727 2547 hereditate
759 2519 810 2546 ae
843 2505 887 2546 in
920 2505 1055 2546 libero
1087 2504 1301 2559 burgagio
1332 2505 1668 2559 Imperpetuum
1692 2504 1806 2545 Cum
1829 2501 1950 2544 omni
1974 2503 2074 2544 Iure
2097 2507 2140 2543 et
2155 2500 2279 2543 ‚Iuris

483 2575 652 2617 clameo
676 2590 775 2617 cum
800 2575 959 2617 debitis
988 2575 1264 2630 longitudine
1286 2581 1328 2616 et
1352 2574 1586 2617 latitudine
1618 2587 1719 2615 cum
1752 2572 1937 2626 edificijs
1969 2573 2157 2626 desuper
2177 2584 2278 2613 con-

482 2645 663 2687 structis
695 2653 737 2687 et
772 2646 1080 2687 construendis
1112 2647 1175 2687 Ac
1209 2660 1309 2687 curn
1347 2645 1552 2687 omnibus
1584 2643 1682 2686 aliis
1711 2649 1753 2685 et
1783 2642 1970 2697 singulis
2000 2640 2278 2684 libertatibus

482 2716 874 2758 commoditatibus
897 2723 939 2757 et
962 2716 1223 2758 asiamentis
1254 2730 1306 2758 ac
1341 2715 1478 2757 Iustis
1510 2714 1602 2756 suis
1633 2713 1912 2768 pertinentijs
1942 2712 2277 2767 quibuscunque

482 2787 536 2827 ad
569 2786 733 2828 dictam
765 2793 929 2828 terram
963 2786 1228 2828 anteriorem
1262 2800 1363 2828 cum
1395 2784 1675 2840 pertinentiis
1707 2783 2012 2838 spectantibus
2044 2797 2122 2824 seu
2155 2782 2278 2823 Iuste

482 2862 683 2909 spectare
708 2855 960 2898 valentibus
992 2856 1321 2910 quomodolibet
1353 2855 1398 2897 in
1429 2855 1627 2897 futurum
1658 2855 1781 2896 Adeo
1813 2853 1946 2896 libere
1978 2851 2175 2907 plenarie
2205 2851 2276 2892 In-

481 2931 602 2978 tegre
634 2925 874 2968 honorifice
908 2927 1017 2968 bene
1050 2932 1092 2968 et
1125 2926 1168 2967 in
1201 2940 1310 2981 paee
1342 2925 1385 2967 in
1418 2925 1624 2968 omnibus
1647 2931 1689 2967 et
1712 2939 1788 2979 per
1810 2923 1959 2966 omnia
1981 2923 2096 2965 sicut
2128 2921 2276 2975 aliqua
