2524 3418
740 312 901 355 Tabula
931 312 1094 367 Regum
1124 311 1445 368 Principumque
1472 310 1659 366 gentium
2020 325 2101 367 277

475 431 540 472 Le
564 430 663 484 Roy
683 429 737 471 de
759 426 912 482 ehipre

475 499 539 540 Le
564 498 662 552 Roy
683 497 737 539 de
758 495 902 539 cicille

477 568 542 610 Le
566 569 665 622 Roy
687 567 740 609 de
762 565 918 621 naples

475 705 587 747 Pbre
611 703 779 747 Iohane

472 774 512 817 le
537 775 636 829 Roy
658 775 711 817 de
734 779 854 816 sarot

475 845 539 886 Le
564 845 664 898 Roy
685 844 738 886 de
764 843 918 885 laurofi

475 914 540 955 Le
565 914 664 967 Roy
685 913 738 955 de
761 911 975 954 marchofi

475 982 540 1024 Le
565 982 663 1036 Roy
684 981 737 1024 de
760 986 914 1035 menty

475 1051 540 1092 Le
564 1051 663 1105 Roy
684 1050 738 1092 de
761 1050 904 1104 Cassy

475 1121 540 1162 Le
564 1121 663 1175 Roy
684 1120 738 1162 de
760 1117 939 1174 nyperie

475 1190 540 1231 Le
564 1190 663 1244 Roy
685 1189 739 1231 de
760 1187 961 1242 vibreuly

472 1259 538 1300 Le
563 1259 662 1312 Roy
684 1258 738 1300 de
760 1256 926 1299 karelle

475 1329 540 1370 Le
564 1329 663 1382 Roy
684 1328 738 1370 de
761 1326 966 1369 sannelat

472 1398 538 1439 Le
562 1398 661 1452 Roy
682 1397 736 1439 de
758 1396 1101 1439 nordrebrodem

472 1467 512 1509 le
537 1468 637 1522 Roy
658 1467 711 1510 de
734 1481 834 1509 sure

472 1536 512 1579 le
537 1538 636 1592 Roy
657 1536 891 1580 destarsell

474 1607 540 1649 Le
564 1608 663 1662 Roy
685 1607 739 1649 de
761 1605 920 1649 suluen

473 1673 538 1717 Le
562 1676 663 1730 Roy
684 1675 737 1717 de
760 1673 1014 1718 daureneile

474 1745 539 1787 Le
563 1746 663 1800 Roy
684 1745 738 1787 de
761 1759 865 1788 suze

475 1815 540 1856 Le
565 1815 664 1869 Roy
687 1815 741 1857 de
763 1815 929 1870 bougre

475 1883 539 1926 Le
564 1884 664 1939 Roy
684 1884 738 1927 de
761 1884 887 1928 salba

475 1954 540 1996 Le
565 1954 664 2009 Roy
685 1954 740 1996 de
761 1953 1032 2010 hakameryc

473 2024 539 2066 Le
563 2024 662 2079 Roy
684 2025 737 2067 de
759 2023 951 2067 disdrael

473 2093 538 2135 Le
562 2094 662 2148 Roy
683 2093 736 2136 de
758 2093 966 2136 lumenefi

474 2163 540 2205 Le
565 2164 665 2219 Roy
686 2164 740 2206 de
761 2163 802 2206 T
806 2163 922 2206 arize

473 2233 538 2275 Le
563 2233 663 2288 Roy
683 2233 737 2276 de
760 2232 1015 2277 membelim

473 2302 538 2345 Le
563 2303 662 2358 Roy
683 2304 736 2346 de
759 2303 975 2347 harzem*

472 2372 537 2415 Le
561 2374 661 2429 Roy
681 2374 735 2416 de
759 2374 946 2418 Colmen

474 2442 540 2485 Le
564 2443 664 2499 Roy
685 2444 739 2487 de
761 2444 965 2488 henenen

473 2510 514 2554 le
538 2513 637 2568 Roy
658 2513 712 2556 de
734 2513 868 2557 halax

473 2580 538 2623 Le
562 2582 661 2637 Roy
682 2583 737 2626 de
760 2584 914 2627 Bacon

472 2649 512 2693 le
536 2652 636 2708 Roy
657 2653 711 2696 de
733 2654 969 2698 mustebell

474 2720 514 2763 le
538 2722 637 2777 Roy
658 2723 712 2766 de
735 2737 956 2768 marmera

474 2790 539 2834 Le
563 2792 663 2848 Roy
684 2793 738 2836 de
760 2792 937 2850 dipsuly

1377 427 1442 469 Le
1466 428 1566 482 Roy
1585 427 1640 469 de
1662 426 1877 481 barguera

1378 496 1442 537 Le
1467 496 1566 550 Roy
1588 496 1641 538 de
1664 494 1890 538 coizemofi

1378 567 1443 607 Le
1468 567 1566 621 Roy
1587 567 1640 608 de
1664 568 1884 622 Compars

1380 635 1444 676 Le
1469 635 1568 690 Roy
1589 635 1642 677 de
1664 635 1780 691 farty

1377 704 1442 745 Le
1466 704 1565 758 Roy
1587 704 1814 747 makeloze

1375 773 1414 814 le
1440 774 1539 828 Roy
1560 772 1727 817 didorie

1380 843 1443 885 Le
1468 845 1566 898 Roy
1587 845 1641 886 de
1663 844 1858 888 halacrie

1379 912 1444 954 Le
1469 913 1568 967 Roy
1589 913 1642 955 de
1665 913 1844 969 senicya

1378 982 1442 1022 Le
1467 982 1566 1036 Roy
1587 984 1640 1024 de
1663 983 1864 1028 barberia

1378 1049 1441 1092 Le
1466 1051 1565 1105 Roy
1586 1052 1640 1093 de
1662 1051 1839 1096 lettoria
1857 1055 1876 1099 Τ

1380 1187 1442 1230 Le
1464 1195 1595 1243 grant
1619 1191 1742 1234 Cane
1764 1193 1817 1234 de
1847 1194 2105 1247 Castenness

1378 1257 1442 1298 Le
1466 1258 1677 1302 Soubdan
1700 1261 1754 1303 de
1776 1262 1954 1306 babilon

1379 1328 1444 1369 Le
1469 1328 1568 1383 Roy
1589 1330 1643 1372 de
1665 1338 1868 1375 moustru

1377 1396 1440 1439 Le
1465 1398 1564 1452 Roy
1585 1399 1638 1441 de
1659 1400 1864 1445 vrthebet

1380 1467 1444 1509 Le
1469 1468 1568 1523 Roy
1589 1469 1642 1511 de
1665 1471 1964 1517 Comalanthe

1377 1538 1442 1579 Le
1466 1539 1566 1593 Roy
1586 1540 1640 1581 de
1662 1543 1909 1598 nangangrj

1380 1606 1444 1649 Le
1469 1608 1568 1663 Roy
1590 1609 1643 1651 de
1665 1611 1855 1664 pedollie

1378 1674 1653 1730 Lempereur
1674 1679 1727 1721 de
1748 1680 1932 1724 tartarie

1379 1745 1654 1801 Lempereur
1674 1749 1728 1791 de
1749 1751 2018 1807 tarbysonde

1379 1816 1654 1871 Lempereur
1674 1819 1728 1862 de
1750 1828 1969 1866 sumestot

1378 1884 1627 1941 lempereur
1648 1888 1875 1934 darmenie

1379 1955 1628 2010 lempereur
1649 1958 1702 2001 de
1725 1961 1914 2016 cynopfe

1378 2025 1443 2067 Le
1467 2026 1567 2081 Roy
1588 2027 1642 2070 de
1664 2042 1834 2084 cyquye

1378 2094 1442 2137 Le
1466 2096 1566 2151 Roy
1587 2097 1641 2139 de
1664 2098 1867 2154 Nargase

1379 2166 1444 2208 Le
1469 2167 1568 2222 Roy
1590 2168 1644 2210 de
1666 2171 1946 2225 muguevelle

1379 2235 1443 2278 Le
1467 2237 1567 2292 Roy
1588 2238 1642 2280 de
1664 2252 1852 2294 cyngres

1377 2304 1441 2348 Le
1462 2312 1594 2360 grant
1616 2313 1690 2350 tur
1710 2309 1764 2351 de
1785 2311 1960 2367 turquie

1379 2376 1444 2418 Le
1468 2377 1568 2432 Roy
1589 2378 1642 2420 de
1663 2387 1832 2435 gennyt

1378 2447 1444 2489 Le
1469 2448 1568 2503 Roy
1589 2449 1643 2491 de
1665 2449 1866 2494 dalmase

1380 2516 1446 2558 Le
1471 2517 1570 2572 Roy
1591 2517 1644 2560 de
1667 2519 1860 2576 darabye

1377 2585 1443 2627 Le
1467 2586 1567 2642 Roy
1587 2587 1735 2642 percie

1377 2656 1443 2698 Le
1467 2657 1566 2713 Roy
1587 2659 1640 2701 de
1664 2660 1792 2703 mede

1380 2726 1445 2769 Le
1469 2727 1569 2782 Roy
1591 2729 1644 2771 de
1668 2728 1848 2774 Ihestae

1380 2796 1445 2839 Le
1469 2797 1568 2853 Roy
1590 2798 1643 2841 de
1664 2813 1776 2854 gene

854 2896 872 2912 ὕ
891 2897 930 2928 In
948 2896 1102 2939 margine
1119 2901 1139 2916 ‘⁴
1154 2898 1225 2931 Her
1243 2909 1278 2931 ar
1293 2910 1335 2942 ye
1352 2900 1546 2936 olifantis’'.

435 2948 449 2986 †
466 2947 505 2979 In
522 2948 675 2991 margine
694 2953 714 2968 ‘⁴
727 2949 887 2992 Cristyne
902 2951 985 2983 with
1003 2952 1054 2993 fyr
1071 2953 1151 2992 ’1⁴¹'-

1464 2958 1477 2998 2
1499 2956 1537 2988 In
1555 2957 1709 3000 margine
1726 2960 1748 2977 “
1760 2958 1910 3001 hethyfie
1922 2959 1950 2993 ”.
