2524 3418
92 1202 151 1234 sol.
171 1201 230 1234 50ยน

92 1300 194 1330 Carta
219 1298 282 1328 Mt.
303 1298 341 1330 T.

391 332 470 361 202
963 316 1091 358 Carta
1123 313 1301 356 Domini
1331 313 1479 355 Dauid
1515 313 1640 354 Waus

564 434 661 475 Hec
703 439 768 474 est
806 446 908 473 vera
945 436 987 472 et
1029 427 1278 470 indubitata
1320 426 1446 480 copia
1488 426 1745 480 principalis
1781 432 1900 468 carte
1941 426 2186 468 feudifirme

561 502 854 544 collacionata
892 513 967 553 per
1003 512 1072 538 me
1110 495 1373 549 magistrum
1414 495 1659 536 Iohannem
1698 494 1960 536 nicholsoun
1997 494 2186 536 scribam

562 570 679 613 curie
721 569 986 611 balliuorum
1029 565 1387 608 abirdonensium
1437 579 1488 606 ac
1537 563 1758 606 notarium
1804 563 2028 618 publicum
2076 564 2186 605 nihil

561 641 761 682 addendo
802 645 877 680 aut
920 635 1206 678 diminuendo
1248 636 1363 688 quod
1405 633 1509 675 facti
1552 633 1850 676 substantiam
1895 640 2068 675 mutare
2109 648 2187 676 seu

560 709 729 750 variare
766 706 925 762 poterit
959 707 1035 747 sed
1073 706 1347 747 concordans
1383 718 1484 746 cum
1523 718 1602 745 suo
1634 703 1865 757 principali
1900 702 2102 756 originali
2134 704 2187 744 de

560 780 691 820 verbo
714 778 758 819 in
780 778 962 819 verbum
986 782 1100 818 teste
1123 775 1206 816 hac
1230 788 1328 816 mea
1352 773 1674 827 subscriptione
1697 772 1894 826 manualj

677 848 747 889 Ita
765 853 831 888 est
851 845 1063 900 magister
1086 844 1310 886 Iohannes
1333 843 1596 885 nicholsoun
1621 842 1764 884 scriba
1781 841 1899 884 curie
1923 841 2186 883 balliuorum

792 914 917 969 burgi
955 916 1007 957 de
1035 914 1265 956 Aberdene
1300 927 1351 954 ac
1385 912 1584 954 notarius
1618 911 1822 966 publicus
1850 912 1904 953 ad
1937 911 2018 952 hec
2052 924 2188 952 manu

791 984 967 1040 propria

1236 1098 1338 1140 CII.

516 1194 761 1236 MNIBUS
785 1194 899 1234 hanc
923 1199 1091 1234 cartam
1114 1191 1274 1233 visuris
1295 1191 1362 1232 vel
1387 1189 1604 1233 audituris
1628 1188 1849 1231 Dominus
1873 1187 2022 1230 Dauid
2044 1189 2190 1230 Waus

571 1264 828 1317 capellanus
860 1270 1099 1316 perpetuus
1125 1260 1370 1315 capellanie
1400 1260 1492 1301 siue
1524 1259 1689 1300 Altaris
1715 1258 1832 1299 beati
1858 1257 1969 1311 petri
2000 1258 2189 1312 apostoli

95 1342 347 1382 Mennis-1549
387 1333 497 1375 infra
535 1333 769 1375 ecclesiam
808 1331 1107 1385 parochialem
1147 1330 1234 1371 diui
1273 1329 1433 1371 nicolai
1470 1329 1522 1370 de
1560 1328 1767 1369 abirdene
1800 1326 1952 1368 situati
1989 1333 2187 1368 eternam

386 1403 429 1444 in
453 1403 633 1445 domino
657 1403 846 1444 salutem
870 1401 1084 1443 noueritis
1117 1415 1186 1441 me
1218 1399 1410 1440 Vtilitate
1443 1413 1542 1440 mea
1576 1399 1634 1439 Et
1658 1411 1964 1438 successorum
1989 1410 2186 1438 meorum

385 1471 428 1512 in
457 1471 539 1513 hac
573 1478 697 1524 parte
719 1470 912 1523 Vndique
936 1469 1111 1523 preuisa
1136 1469 1194 1509 Et
1218 1468 1452 1521 diligenter
1484 1466 1762 1507 considerata
1794 1479 1846 1506 ex
1878 1464 2010 1506 certis
2041 1465 2189 1506 causis

384 1540 722 1582 rationabilibus
763 1539 962 1581 animum
1006 1553 1154 1579 meum
1197 1539 1252 1579 ad
1294 1537 1376 1578 hoc
1420 1535 1703 1577 mouentibus
1741 1536 1800 1576 Et
1837 1534 2068 1588 presertim
2110 1549 2188 1589 pro

384 1611 747 1665 augmentatione
784 1609 967 1651 rentalis
1008 1609 1142 1662 annuj
1184 1608 1300 1649 dicte
1338 1605 1584 1660 capellanie
1621 1606 1676 1647 ad
1714 1619 1936 1646 summam
1974 1604 2187 1646 tredecim

385 1680 625 1721 solidorum
651 1680 709 1720 Et
733 1686 922 1732 quatuor
943 1677 1224 1719 denariorum
1247 1675 1414 1717 vsualis
1437 1681 1614 1716 monete
1647 1673 1767 1727 regnj
1794 1673 1931 1714 scotie
1954 1672 2186 1714 annuatim

384 1750 619 1804 plusquam
653 1755 958 1790 tenementum
994 1748 1052 1788 Et
1085 1754 1208 1787 ortus
1241 1746 1455 1786 Eiusdem
1491 1743 1807 1797 Infrascriptus
1839 1757 1940 1784 cum
1974 1742 2066 1784 suis
2094 1757 2189 1796 per-

385 1818 586 1872 tinentijs
609 1818 652 1859 in
674 1819 823 1859 valore
846 1819 901 1859 ad
924 1818 1057 1871 longa
1085 1823 1285 1870 tempora
1314 1814 1524 1869 preterita
1556 1815 1770 1855 dederunt
1795 1813 1854 1854 Et
1881 1812 2189 1866 persoluerunt

385 1901 486 1928 cum
510 1886 728 1940 expressis
750 1886 885 1927 etiarn
909 1899 1129 1927 consensu
1152 1891 1194 1925 et
1217 1898 1404 1925 assensu
1427 1881 1638 1937 prepositi
1665 1881 1929 1923 balliuorum
1953 1880 2186 1923 consulum

386 1964 427 1998 et
450 1956 786 1998 communitatis
808 1955 911 2010 dictj
938 1955 1062 2009 burgj
1088 1956 1140 1996 de
1163 1955 1381 1996 aberdene
1407 1953 1452 1994 in
1481 1951 1672 2006 pretorio
1699 1951 1897 1992 eiusdem
1920 1964 1997 2004 pro
2021 1949 2186 1992 maiore

386 2033 510 2080 parte
552 2031 921 2078 congregatorum
963 2038 1123 2077 corpus
1170 2024 1399 2075 Integrum
1453 2020 1556 2074 dictj
1609 2019 1732 2073 burgj
1786 2017 2188 2072 representantium

387 2103 673 2150 patronorum
709 2094 1066 2135 Indubitatorum
1100 2092 1215 2134 dicte
1248 2089 1493 2145 capellanie
1525 2089 1698 2131 dedisse
1721 2088 1892 2129 locasse
1915 2086 2189 2128 concessisse

387 2173 429 2207 et
453 2166 508 2207 ad
530 2164 825 2206 feudifirmam
859 2178 936 2205 seu
969 2169 1228 2217 perpetuam
1261 2159 1573 2214 emphiteosim
1607 2156 1871 2200 hereditarie
1903 2155 2124 2198 dimisisse
2146 2162 2189 2197 et

387 2235 471 2276 hac
503 2233 696 2288 presenti
735 2240 857 2274 carta
893 2247 992 2274 mea
1029 2232 1318 2273 confirmasse
1361 2230 1547 2271 Necnon
1589 2234 1741 2269 tenore
1778 2225 2049 2280 presentium
2087 2225 2190 2267 dare

389 2304 533 2345 locare
565 2303 805 2344 concedere
837 2309 880 2343 et
914 2303 968 2343 ad
999 2301 1295 2342 seudifirmam
1329 2313 1406 2340 seu
1439 2303 1699 2352 perpetuam
1733 2294 2044 2350 emphiteosim
2067 2294 2189 2336 here-

389 2372 544 2414 ditarie
577 2371 799 2413 dimittere
833 2372 892 2412 Et
925 2371 1008 2412 hac
1040 2370 1234 2425 presenti
1257 2375 1380 2410 carta
1404 2382 1503 2409 mea
1535 2366 1796 2408 confirmare
1828 2363 2074 2406 honorabili
2097 2363 2190 2405 viro

392 2442 607 2496 Magistro
624 2441 798 2482 Thome
821 2455 1000 2482 menzes
1022 2439 1229 2494 burgensi
1247 2438 1353 2480 dicti
1376 2437 1500 2491 burgj
1521 2436 1613 2478 suis
1630 2434 1864 2476 heredibus
1886 2440 1928 2475 et
1952 2433 2192 2487 assignatis

389 2511 724 2565 quibuscunque
741 2517 885 2552 totum
904 2517 946 2552 et
967 2511 1196 2563 Integrum
1223 2508 1338 2549 Illud
1362 2512 1666 2549 tenementum
1690 2503 1806 2545 dicte
1829 2517 1924 2544 mee
1947 2502 2193 2556 capellanie

392 2580 759 2622 Incumbentibus
791 2586 954 2621 terram
985 2579 1190 2621 videlicet
1226 2584 1320 2619 tam
1359 2575 1623 2618 anteriorem
1661 2587 1794 2626 quam
1834 2571 2094 2613 Interiorem
2132 2572 2192 2613 Et

390 2657 536 2691 ortum
554 2650 794 2691 earundem
817 2663 918 2690 cum
942 2649 1034 2690 suis
1057 2646 1342 2703 pertinenciis
1365 2647 1594 2687 Iacentem
1614 2643 1733 2684 Infra
1751 2642 1919 2684 dictum
1937 2642 2124 2695 burgum
2147 2640 2192 2682 in

389 2719 487 2761 vico
519 2719 653 2761 castri
676 2733 729 2760 ex
757 2719 919 2772 borealj
945 2725 1069 2772 parte
1097 2718 1295 2759 eiusdem
1319 2715 1403 2757 vici
1437 2715 1559 2756 Inter
1580 2719 1743 2754 terram
1767 2712 1990 2765 quondam
2019 2709 2190 2764 patricij

391 2788 514 2829 leslie
536 2802 589 2829 ex
610 2787 812 2841 orientalj
838 2801 890 2828 ex
911 2802 997 2829 vna
1020 2794 1182 2829 terram
1206 2785 1430 2839 quondam
1461 2780 1660 2835 magistrj
1695 2779 1909 2821 Iohannis
1937 2778 2192 2820 badzenoch

393 2871 444 2898 ex
461 2856 725 2898 occidentali
743 2857 942 2910 partibus
960 2859 1015 2898 ab
1033 2856 1172 2898 altera
1190 2866 1472 2895 communem
1489 2851 1608 2892 viam
1626 2849 1793 2904 regiam
1815 2863 1969 2890 versus
1992 2854 2192 2889 austrum

393 2933 435 2969 et
458 2939 740 2968 communem
763 2926 983 2967 venellam
1017 2925 1120 2979 dictj
1157 2923 1280 2977 burgj
1315 2935 1469 2963 versus
1500 2921 1678 2962 boream
1713 2920 1772 2960 Et
1804 2918 1887 2959 hoc
1921 2916 2024 2970 quia
2049 2916 2195 2958 dictus
