2524 3418
166 1999 223 2031 sol.
238 1999 301 2032 38²

478 335 532 388 96
596 336 637 377 F
639 335 814 377 undacio
835 336 980 377 altaris
1003 335 1149 378 Sancti
1167 335 1387 376 saluatoris
1401 339 1476 390 per
1495 335 1711 377 Audream
1732 349 1900 390 murray
1923 337 2158 392 burgensem

476 463 630 492 versus
671 458 871 493 austrum
903 464 1039 491 vnum
1078 451 1288 491 Annuum
1327 449 1568 492 Redditum
1605 451 1757 492 decem
1800 449 2039 493 solidorum
2076 452 2129 494 de
2159 458 2276 495 terra

477 520 709 562 wilhelmi
751 521 952 563 buchane
997 521 1175 561 Iacente
1208 518 1251 560 in
1284 518 1381 561 vico
1413 519 1624 574 superiori
1657 519 1842 562 ecclesie
1873 535 1925 562 ex
1956 520 2110 563 boriali
2152 528 2276 575 parte

476 589 672 632 eiusdem
695 589 779 631 vici
803 590 916 631 inter
937 596 1099 630 terram
1127 589 1349 642 quondam
1376 589 1589 631 Iohannis
1612 590 1763 631 stokar
1784 603 1836 631 ex
1858 589 2021 632 boreali
2047 596 2090 632 et
2112 596 2275 633 terram

476 661 698 713 quondam
741 658 972 701 wilhelmi
1019 658 1198 700 scherar
1238 672 1290 700 ex
1331 657 1594 701 occidentali
1627 658 1826 713 partibus
1867 673 1919 701 ex
1960 659 2099 702 altera
2139 674 2275 702 vnum

475 731 684 770 Annuum
710 727 949 770 Redditum
973 728 1159 770 duarum
1183 741 1433 769 marcarum
1466 729 1518 770 de
1550 728 1688 770 crofto
1710 727 1947 770 Alexandri
1970 743 2066 771 mar
2094 729 2275 771 Iacente

476 797 518 839 in
551 797 769 839 territorio
801 797 1038 839 croftorum
1062 798 1114 838 de
1136 796 1374 839 rubbislaw
1396 797 1435 839 le
1458 796 1580 839 braid
1609 797 1719 839 croft
1750 804 1909 840 vocato
1940 797 2055 840 inter
2085 798 2274 840 croftum

476 874 722 920 margarete
736 866 886 921 fychat
901 880 953 908 ex
967 865 1230 908 occidentali
1246 873 1288 908 et
1303 866 1492 908 croftum
1507 866 1802 921 pertinentem
1818 867 2053 910 heredibus
2063 867 2275 910 Richardi

474 937 634 990 kyntor
655 950 707 978 ex
729 935 932 978 orientali
954 935 1154 990 partibus
1172 937 1226 978 ab
1250 936 1390 978 altera
1413 936 1716 992 Quosquidem
1743 951 1916 980 annuos
1939 937 2158 980 Redditus
2179 952 2273 993 pre-

473 1005 661 1060 scriptos
693 1020 745 1048 ex
775 1005 951 1060 proprio
984 1020 1082 1048 meo
1113 1012 1359 1060 conquestu
1396 1006 1482 1049 erni
1514 1005 1752 1050 Tenendos
1785 1014 1827 1050 et
1859 1007 2088 1051 habendos
2119 1022 2275 1050 omnes

472 1082 514 1116 et
539 1075 738 1130 singulos
759 1077 946 1118 Annuos
969 1076 1188 1118 Redditus
1211 1076 1461 1119 antedictos
1483 1091 1584 1119 curn
1608 1077 1700 1120 suis
1724 1077 1900 1120 Iuribus
1922 1084 1964 1120 et
1987 1077 2273 1133 pertinenciis

471 1143 590 1186 dicto
621 1144 801 1187 domino
835 1145 1025 1187 Iohanni
1058 1146 1302 1200 Capellano
1334 1161 1433 1188 meo
1466 1153 1509 1189 et
1542 1146 1634 1189 suis
1666 1147 1997 1190 successoribus
2028 1146 2272 1202 capellanis

471 1228 548 1268 pro
571 1215 796 1269 perpetuis
818 1215 1015 1257 eiusdem
1040 1230 1065 1258 a
1091 1231 1190 1258 mea
1213 1223 1255 1258 et
1278 1216 1514 1259 heredibus
1536 1217 1646 1259 meis
1671 1218 1723 1259 In
1746 1232 1902 1272 puram
1935 1224 1977 1260 et
2010 1224 2269 1273 perpetuam

469 1284 749 1327 elimosinam
773 1285 1098 1340 imperpetuum
1123 1287 1236 1329 Cum
1261 1285 1381 1328 omni
1406 1287 1507 1328 Iure
1529 1293 1571 1329 et
1597 1286 1712 1329 Iuris
1734 1287 1905 1329 clameo
1931 1301 1982 1330 ac
2005 1301 2106 1330 cum
2130 1286 2270 1330 omni-

470 1354 551 1396 bus
573 1361 616 1396 et
639 1354 826 1408 singulis
853 1355 1132 1398 libertatibus
1159 1356 1552 1399 commoditatibus
1578 1362 1621 1399 et
1650 1356 1912 1399 asiamentis
1937 1372 1989 1400 ac
2017 1357 2154 1399 Iustis
2176 1357 2269 1400 suis

468 1423 754 1478 pertinenciis
776 1425 1127 1479 quibuscumque
1155 1426 1211 1467 ad
1238 1425 1380 1467 dictos
1401 1427 1586 1468 Annuos
1620 1426 1839 1468 Redditus
1860 1441 1961 1469 cum
1984 1426 2270 1481 pertinenciis

467 1495 772 1549 spectantibus
795 1509 872 1537 seu
897 1496 1020 1537 Iuste
1038 1502 1238 1550 spectare
1254 1496 1506 1539 valentibus
1523 1496 1853 1551 quomodolibet
1876 1496 1920 1538 in
1941 1497 2139 1539 futurum
2157 1497 2268 1539 adeo

466 1564 600 1606 libere
632 1564 828 1619 plenarie
860 1565 1030 1620 integre
1062 1565 1303 1608 honorifice
1340 1567 1450 1608 bene
1488 1573 1531 1608 et
1567 1566 1612 1608 in
1649 1581 1758 1621 pace
1796 1566 1840 1608 in
1876 1566 2083 1609 omnibus
2114 1572 2157 1608 et
2190 1580 2268 1622 per

465 1633 616 1675 omnia
648 1633 762 1676 sicut
785 1633 920 1688 aliqui
946 1634 1094 1676 Annui
1123 1634 1342 1677 Redditus
1364 1634 1409 1676 in
1432 1649 1588 1690 puram
1621 1641 1664 1677 et
1697 1641 1957 1690 perpetuam
1984 1634 2265 1677 elimosinam

463 1702 648 1744 ecclesie
671 1710 713 1745 et
736 1703 966 1758 capellano
989 1703 1257 1746 deseruienti
1280 1705 1392 1747 infra
1413 1719 1599 1759 regnum
1618 1705 1762 1747 scocie
1785 1706 1947 1747 dantur
1963 1705 2268 1747 conceduntur

463 1779 539 1814 aut
557 1773 840 1828 possidentur
857 1773 952 1815 sine
969 1774 1260 1816 reuocacione
1277 1774 1600 1817 reclamacione
1617 1781 1694 1817 aut
1709 1773 2066 1817 contradiccione
2083 1774 2264 1829 aliquali

463 1842 549 1885 mei
566 1844 778 1885 heredum
797 1858 997 1886 meorum
1015 1843 1345 1899 assignatorum
1364 1851 1440 1887 aut
1459 1844 1646 1887 aliorum
1662 1859 2026 1899 quorumcunque
2041 1844 2266 1888 Faciendo

460 1927 510 1955 ac
534 1913 796 1956 celebrando
816 1915 924 1956 Inde
947 1913 1093 1956 dictus
1107 1914 1366 1969 capellanus
1382 1921 1424 1957 et
1449 1914 1515 1957 sui
1534 1929 1812 1957 successores
1829 1913 2047 1970 capellani
2064 1913 2264 1970 perpetui

459 1982 656 2025 eiusdem
673 1983 931 2038 Capellanie
945 1983 1133 2026 seruicia
1150 1990 1193 2027 et
1211 1984 1420 2039 suffragia
1437 1984 1588 2027 diuina
1606 1984 1737 2028 solita
1754 1991 1797 2027 et
1814 1991 2029 2028 consueta
2045 1983 2264 2028 sacerdoti

461 2053 778 2096 Incumbencia
795 2055 850 2096 ad
868 2053 1037 2096 dictum
1056 2054 1195 2096 altare
1213 2068 1290 2109 pro
1313 2054 1457 2096 salute
1474 2054 1622 2096 anime
1644 2068 1741 2096 mee
1759 2053 2008 2096 animarum
2025 2058 2260 2107 parentum

459 2137 642 2165 vxorum
685 2130 1018 2166 antecessorum
1060 2138 1367 2166 successorum
1413 2138 1612 2166 meorum
1660 2124 1990 2166 benefactorum
2038 2136 2190 2165 eorum
2236 2136 2262 2164 a

460 2193 619 2247 quibus
641 2193 790 2248 aliqua
812 2195 926 2236 bona
949 2193 1097 2236 minus
1121 2196 1243 2237 Iuste
1266 2194 1400 2237 habui
1426 2196 1489 2236 Ac
1513 2193 1712 2236 omnium
1734 2194 1930 2236 fidelium
1953 2193 2260 2236 defunctorum

461 2264 520 2304 Et
543 2264 804 2306 decorantes
825 2264 1010 2306 chorum
1032 2264 1077 2305 in
1100 2264 1255 2307 habitu
1277 2264 1451 2306 decenti
1474 2263 1708 2307 dominicis
1729 2270 1772 2306 et
1795 2262 2036 2306 maioribus
2059 2260 2258 2316 Duplici-

457 2334 538 2375 bus
570 2333 695 2375 festis
722 2340 899 2376 tantum
928 2349 1006 2389 pro
1035 2335 1155 2377 omni
1184 2335 1271 2377 alio
1300 2334 1487 2377 seruicio
1515 2334 1752 2377 exaccione
1784 2349 1861 2376 seu
1893 2334 2114 2376 demanda
2141 2333 2256 2375 Item

455 2402 554 2444 volo
577 2404 692 2456 quod
716 2404 973 2458 capellanus
995 2404 1125 2446 istius
1153 2404 1398 2459 capellanie
1426 2403 1717 2459 personaliter
1741 2403 1931 2446 resideat
1954 2402 2066 2444 infra
2088 2401 2256 2444 dietum

455 2473 642 2527 burgum
672 2473 725 2514 de
753 2473 960 2515 abirdene
992 2473 1134 2516 eidem
1163 2473 1409 2529 capellanie
1438 2473 1636 2516 seruiens
1665 2474 1725 2514 Et
1759 2471 1794 2514 si
1823 2471 1867 2513 in
1900 2470 2121 2526 personali
2152 2470 2256 2513 resi-

454 2542 610 2584 dencia
641 2542 847 2584 defecerit
876 2543 1004 2585 Tunc
1039 2543 1210 2586 licitum
1247 2544 1328 2586 erit
1366 2543 1500 2585 michi
1537 2542 1772 2585 heredibus
1810 2540 1920 2584 meis
1954 2539 2166 2583 masculis
2202 2540 2255 2582 de

454 2611 707 2653 huiusmodi
730 2612 977 2666 capellania
1003 2613 1129 2655 alteri
1156 2614 1387 2668 capellano
1411 2614 1582 2668 ydoneo
1604 2611 1834 2667 prouidere
1860 2625 1937 2665 pro
1959 2616 2109 2652 nostre
2130 2608 2255 2652 libito

452 2681 696 2723 voluntatis
720 2683 819 2723 Iure
840 2697 943 2724 vero
961 2690 1224 2736 patronatus
1247 2683 1379 2726 Dicte
1401 2682 1646 2737 capellanie
1669 2681 1804 2723 michi
1827 2687 1869 2723 et
1892 2680 2127 2723 heredibus
2145 2678 2255 2721 meis

454 2749 664 2791 masculis
702 2750 932 2804 legittimis
965 2752 1352 2806 propinquioribus
1392 2751 1667 2806 temporibus
1707 2750 1866 2792 futuris
1907 2755 2133 2792 reseruato
2169 2748 2253 2790 hoe

452 2832 613 2860 nornen
646 2833 824 2874 murray
850 2820 1104 2874 gerentibus
1138 2823 1197 2863 Et
1227 2821 1263 2863 si
1292 2820 1522 2875 contingat
1553 2820 1722 2862 dictum
1755 2818 2036 2874 capellanum
2069 2818 2254 2860 deficere

454 2888 505 2928 In
530 2888 691 2930 diuinis
714 2889 913 2931 seruiciis
935 2892 990 2932 ad
1016 2891 1184 2933 dictum
1208 2891 1347 2933 altare
1369 2905 1446 2946 per
1473 2890 1767 2945 quadraginta
1796 2890 1889 2933 dies
1911 2889 2147 2932 continuos
2167 2886 2253 2930 nisi

453 2957 508 2999 sit
531 2973 666 3000 causa
691 2959 952 3012 egritudinis
977 2968 1053 3002 aut
1083 2961 1456 3016 peregrinacionis
1481 2961 1592 3003 infra
1621 2963 1826 3015 Regnum
1856 2966 1898 3002 et
1923 2966 2045 3002 extra
2067 2964 2143 3001 aut
2166 2957 2253 3000 alia
