2524 3418
251 2968 305 3001 fol.
329 2969 367 3003 17
379 2967 392 2987 ²

527 342 551 383 3
557 343 582 383 4
1166 324 1206 365 F
1209 323 1384 366 undacio
1417 323 1566 366 Tltome
1598 324 1703 366 Prat

527 443 763 488 Alexandri
798 442 1093 485 mathousone
1121 453 1173 482 ex
1202 437 1466 481 occidentali
1499 437 1700 493 partibus
1732 440 1786 482 ab
1813 439 1952 483 altera
1979 446 2021 483 et
2048 446 2212 485 terram
2243 456 2333 485 ma-

527 513 652 568 gistri
681 511 892 556 Richardi
925 509 1155 554 crausurde
1187 521 1342 550 versus
1370 512 1572 550 austrum
1606 513 1648 549 et
1682 521 1965 551 communem
1997 508 2115 552 viam
2144 509 2333 565 Regiam

531 599 685 626 versus
733 583 901 626 boriam
944 595 996 623 ex
1039 593 1137 621 meo
1185 583 1400 632 perpetuo
1448 583 1694 631 conquestu
1743 585 1918 633 emptos
1966 585 2009 621 et
2051 586 2336 634 recuperatos

532 654 770 696 Tenendos
802 658 844 693 et
877 650 1106 692 habendos
1137 661 1293 689 omnes
1322 652 1364 688 et
1395 645 1594 701 singulos
1626 660 1799 690 annuos
1835 647 2055 690 Redditus
2088 648 2338 691 antedictos

533 738 634 766 curn
665 722 756 764 suis
781 720 956 764 Iuribus
978 725 1020 761 et
1044 716 1324 773 pertinentiis
1351 717 1521 771 prefato
1551 716 1732 759 domino
1756 717 1947 760 Iohanni
1977 724 2075 773 prat
2104 719 2336 774 capellano

533 807 632 835 meo
668 797 881 846 perpetuo
917 787 1023 832 dicti
1061 787 1216 830 altaris
1253 793 1295 829 et
1333 786 1426 829 suis
1463 786 1795 830 successoribus
1832 787 2076 843 capellanis
2112 789 2338 844 perpetuis

532 863 728 905 eiusdem
752 875 777 904 a
809 874 879 902 me
912 865 954 902 et
987 857 1223 901 heredibus
1260 856 1371 900 meis
1403 856 1447 899 in
1479 871 1637 912 puram
1670 863 1713 900 et
1745 865 2006 914 perpetuam
2043 858 2337 914 elymosinam

533 935 866 988 Imperpetuum
911 943 1012 972 curn
1056 927 1177 972 omni
1215 927 1315 982 jure
1357 934 1400 970 et
1438 927 1552 983 juris
1594 928 1766 971 elameo
1808 943 1859 972 ac
1902 943 2004 972 cum
2045 927 2253 972 omnibus
2293 935 2337 972 et

530 1002 716 1058 singulis
738 999 1018 1044 libertatibus
1041 997 1388 1042 comoditatibus
1411 1004 1453 1041 et
1477 997 1741 1042 asiamentis
1763 1013 1814 1042 ac
1832 998 1969 1055 justis
1995 999 2088 1042 suis
2116 998 2337 1055 pertinen—

528 1072 603 1115 tiis
628 1071 982 1127 quibuseumque
1005 1071 1060 1112 ad
1084 1069 1227 1112 dictos
1250 1083 1424 1111 annuos
1449 1069 1670 1112 Redditus
1692 1084 1793 1112 curn
1824 1069 2105 1125 pertinentiis
2133 1075 2337 1125 spectan-

528 1142 648 1186 tibus
671 1156 748 1184 seu
771 1141 887 1184 iuste
911 1146 1113 1196 spectare
1131 1138 1399 1182 Valentibus
1422 1139 1752 1193 quomodolibet
1775 1139 1820 1182 in
1842 1140 2040 1183 futurum
2059 1141 2181 1183 Adeo
2203 1140 2340 1183 libere

530 1211 726 1268 plenarie
749 1211 920 1266 integre
941 1209 1183 1253 honorifice
1206 1210 1318 1252 bene
1337 1215 1379 1252 et
1404 1209 1447 1252 in
1471 1224 1580 1265 pace
1602 1209 1646 1252 in
1670 1209 1876 1253 omnibus
1899 1217 1941 1253 et
1965 1225 2042 1266 per
2063 1210 2213 1254 omnia
2235 1217 2338 1253 sunt

532 1281 668 1337 aliqui
697 1281 833 1324 annui
857 1281 1055 1324 redditus
1077 1280 1121 1322 in
1145 1294 1302 1335 puram
1326 1286 1368 1323 et
1393 1286 1654 1336 perpetuam
1680 1280 1990 1336 Elymosinam
2014 1280 2200 1324 ecclesie
2229 1280 2341 1324 infra

534 1354 741 1407 Regnum
776 1351 920 1395 scocie
953 1353 1116 1394 dantur
1147 1352 1454 1393 conceduntur
1485 1357 1561 1394 aut
1595 1351 1879 1406 possidentur
1910 1351 2004 1394 sine
2035 1351 2341 1395 Reuocatione

534 1421 875 1465 Reclamatione
894 1428 969 1465 aut
989 1421 1342 1464 contradictione
1365 1421 1548 1476 aliquali
1571 1421 1658 1464 mei
1681 1422 1893 1465 heredum
1917 1436 2116 1465 meorum
2143 1421 2341 1476 assigna-

531 1499 678 1535 torum
702 1499 778 1535 aut
802 1492 990 1534 aliorum
1021 1491 1200 1534 nomine
1230 1498 1382 1534 nostro
1410 1491 1614 1535 facienda
1638 1492 1863 1535 Faciendo
1889 1492 1990 1535 inde
2013 1499 2055 1535 et
2078 1493 2342 1536 celebrando

532 1563 679 1606 dictus
700 1562 908 1606 dominus
932 1563 1158 1605 Iohannes
1187 1577 1238 1605 ac
1268 1562 1335 1605 sui
1366 1577 1646 1605 successores
1675 1562 1895 1618 capellani
1921 1562 2121 1618 perpetui
2143 1561 2341 1605 eiusdem

533 1632 779 1688 capellanie
811 1632 1000 1675 seruicia
1031 1638 1074 1675 et
1107 1631 1317 1687 suffragia
1349 1632 1501 1675 diuina
1531 1632 1663 1676 solita
1691 1639 1734 1675 et
1765 1639 1979 1676 consueta
2009 1632 2238 1676 Sacerdoti
2272 1633 2343 1674 In-

533 1703 796 1747 cumbencia
817 1718 896 1758 pro
919 1703 1063 1746 salute
1095 1702 1242 1745 anime
1265 1717 1362 1745 mee
1385 1703 1637 1746 animarum
1660 1710 1896 1759 parentum
1927 1718 2114 1746 uxorum
2145 1708 2343 1745 anteces-

534 1789 683 1817 sorum
713 1788 1022 1817 successorum
1052 1773 1383 1816 benefactorum
1414 1788 1565 1816 eorum
1590 1788 1615 1816 a
1638 1773 1797 1829 quibus
1826 1773 1974 1828 aliqua
2003 1775 2118 1817 bona
2143 1786 2342 1827 unquam

535 1844 651 1887 iuste
687 1844 821 1888 habui
854 1859 905 1887 ac
937 1843 1137 1886 omnium
1175 1844 1372 1886 fidelium
1411 1844 1720 1886 defunctorum
1760 1846 1948 1899 Insuper
1982 1843 2083 1886 volo
2120 1841 2345 1885 constituo

536 1915 691 1958 ordino
723 1921 766 1958 et
798 1915 896 1970 lego
925 1929 1003 1970 pro
1033 1929 1103 1957 me
1131 1921 1174 1957 et
1204 1914 1441 1957 heredibus
1474 1914 1585 1957 meis
1617 1916 1733 1969 quod
1766 1914 1912 1957 dictus
1943 1912 2151 1957 dominus
2184 1913 2344 1956 Iohan-

538 2000 617 2029 nes
657 1992 700 2028 et
743 1986 810 2028 sui
853 2000 1134 2028 successores
1176 1985 1395 2040 capellani
1437 1985 1638 2040 perpetui
1679 1985 1810 2028 istius
1850 1984 2096 2040 capellanie
2139 1983 2345 2027 intersint

538 2055 830 2111 personaliter
869 2055 914 2098 in
955 2055 1151 2110 vesperis
1193 2055 1428 2098 matutinis
1469 2070 1520 2098 ac
1563 2055 1770 2099 omnibus
1812 2055 1911 2098 aliis
1951 2055 2072 2098 horis
2118 2053 2347 2097 canonicis

537 2126 651 2169 infra
701 2126 884 2169 chorum
932 2127 1294 2169 Aberdonensem
1343 2125 1618 2168 celebrandis
1671 2127 1785 2168 Item
1835 2125 1936 2168 volo
1986 2132 2028 2168 et
2079 2125 2177 2180 lego
2229 2125 2345 2179 quod

537 2197 796 2252 capellanus
837 2196 967 2239 istius
1007 2195 1288 2238 fundacionis
1330 2196 1451 2238 nullo
1494 2195 1708 2238 beneficio
1750 2195 1998 2250 capellania
2039 2201 2116 2237 aut
2159 2193 2346 2236 seruicio

537 2273 661 2310 extra
711 2266 946 2309 ecclesiam
1000 2265 1302 2320 parochialem
1360 2265 1634 2308 antedictam
1690 2266 1882 2320 gaudeat
1933 2270 1976 2307 et
2028 2263 2064 2306 si
2115 2269 2346 2318 promotus

538 2336 690 2379 siuerit
721 2338 776 2380 ad
805 2335 1068 2380 beneficium
1101 2335 1397 2391 capellaniam
1427 2342 1503 2379 aut
1534 2335 1771 2378 seruicium
1803 2341 1926 2378 extra
1957 2335 2144 2377 eandem
2173 2333 2345 2376 licitum

539 2406 621 2449 erit
663 2405 799 2449 michi
840 2412 883 2449 et
925 2406 1160 2448 heredibus
1202 2405 1313 2448 meis
1355 2406 1408 2448 de
1453 2406 1608 2448 eadem
1658 2405 1890 2460 disponere
1931 2404 2178 2458 cuicunque
2220 2402 2347 2446 alteri

540 2476 773 2531 capellano
800 2477 972 2532 ydoneo
1003 2477 1192 2530 Insuper
1211 2475 1312 2518 volo
1335 2476 1451 2530 quod
1480 2475 1773 2530 personaliter
1802 2474 2014 2517 Resideat
2036 2473 2149 2516 infra
2177 2473 2345 2516 dictum

542 2547 731 2601 burgum
754 2552 797 2589 et
820 2546 856 2588 si
879 2546 923 2587 in
946 2545 1168 2600 personali
1191 2545 1438 2588 residencia
1470 2545 1666 2588 deficerit
1697 2552 1804 2588 tunc
1837 2544 2008 2587 licitum
2032 2543 2113 2586 erit
2136 2543 2272 2586 michi
2304 2549 2347 2586 et

543 2616 779 2659 heredibus
811 2616 922 2658 meis
945 2617 998 2658 de
1021 2615 1275 2658 huiusmodi
1309 2615 1558 2670 capellania
1590 2615 1716 2658 alteri
1749 2615 1981 2670 capellano
2013 2613 2243 2669 prouidere
2268 2628 2347 2668 pro

543 2692 693 2728 nostre
729 2684 854 2728 libito
889 2685 1135 2727 voluntatis
1178 2687 1278 2728 Iure
1318 2700 1421 2728 vero
1463 2691 1727 2740 patronatus
1768 2685 1884 2728 dicte
1926 2684 2172 2740 capellanie
2212 2683 2348 2726 michi

544 2762 586 2798 et
604 2754 839 2798 heredibus
862 2754 973 2797 meis
995 2754 1207 2809 legitimis
1228 2755 1615 2810 propinquioribus
1637 2755 1970 2798 remanentibus
1992 2753 2217 2809 perpetuis
2238 2759 2348 2796 tem-

545 2824 724 2880 poribus
747 2825 807 2866 Et
831 2824 866 2866 si
888 2825 999 2867 forte
1021 2839 1102 2880 ego
1125 2830 1201 2867 aut
1224 2824 1408 2867 heredes
1430 2824 1516 2866 mei
1539 2831 1638 2879 post
1660 2824 1941 2866 vacationem
1964 2823 2081 2866 dicte
2103 2821 2348 2877 capellanie

546 2909 635 2937 non
657 2894 726 2937 usi
747 2894 960 2937 fuerimus
993 2896 1093 2938 Iure
1125 2894 1470 2950 presentationis
1501 2895 1631 2937 vnius
1661 2894 1810 2949 ydonij
1845 2892 2064 2949 capellani
2094 2892 2149 2935 ad
2178 2890 2347 2934 dictum

548 2964 686 3007 altare
728 2964 989 3008 celebraturi
1031 2971 1078 3008 ut
1120 2964 1392 3020 permittitur
1432 2964 1544 3007 infra
1595 2963 1890 3019 quadraginta
1931 2963 2024 3006 dies
2065 2960 2262 3017 proxime
2303 2966 2346 3003 et
