2524 3418
182 492 237 524 fol.
259 495 299 525 88
310 492 320 512 ¹

184 696 305 726 Obitus
318 696 445 728 domini

183 739 282 769 dauid
302 740 409 770 &Vaus

183 782 305 824 Vicarij
324 783 365 814 de

183 825 267 855 bans

180 1660 301 1691 Obitus
318 1660 402 1691 Wil-

178 1704 269 1734 lelmi
287 1704 426 1744 cantuly

178 1753 209 1778 et
227 1754 367 1778 mariote

178 1800 301 1831 sponse
319 1801 377 1822 sue

174 2469 229 2502 fol.
253 2472 291 2503 88
303 2470 316 2490 ‘⁴'

173 2527 331 2559 sundacio
343 2539 441 2560 vene-

172 2570 285 2601 rabilis
302 2578 335 2602 et
352 2572 442 2604 docti

172 2613 230 2643 viri
249 2615 400 2655 magistri

172 2657 304 2688 Andree
321 2659 390 2689 liall

172 2699 368 2742 thesaurasij
387 2703 427 2733 de

172 2743 339 2775 Abirdene
353 2746 397 2775 vi-

170 2787 260 2817 cario
273 2795 305 2818 et
318 2789 427 2828 capel—

170 2829 257 2860 lanis
273 2830 423 2862 eiusdem

481 311 562 341 220
938 298 1109 340 Remtale
1139 298 1321 340 obituum
1351 302 1387 339 et
1415 298 1813 341 Amziuersariorum

477 416 699 468 quondam
734 413 970 456 Alexandri
1007 413 1129 454 leslie
1163 427 1240 467 pro
1274 412 1540 466 quaquidem
1574 413 1710 456 missa
1744 414 1967 468 perpetuis
1997 415 2270 470 temporibus

475 485 686 526 duratura
717 483 932 538 capellanj
967 481 1139 535 collegij
1176 481 1464 524 Infeodantur
1495 482 1726 524 annuatim
1759 484 1812 524 de
1833 483 1988 538 viginti
2017 498 2038 525 s
2069 485 2123 526 de
2153 491 2270 526 terra

475 553 713 596 Alexandri
737 553 901 606 nachty
926 553 1106 594 Iacente
1128 551 1172 592 in
1194 551 1291 594 vico
1314 551 1537 606 superiore
1559 551 1745 594 ecclesie
1766 558 1812 594 vt
1834 553 2087 607 responsuri
2109 560 2213 596 sunt

592 692 751 734 Obitus
793 690 959 732 domini
1001 690 1134 732 dauid
1176 704 1299 732 waus
1338 690 1488 745 vicarij
1529 692 1582 732 de
1617 691 1740 733 banff
1785 725 1792 733 .
1845 724 1854 733 .
1905 724 1915 733 .
1964 691 2104 734 Cuius
2136 692 2271 734 Anni-

477 762 700 802 uersarius
741 760 972 802 annuatim
1013 760 1308 802 celebrabitur
1348 762 1403 802 ad
1444 761 1582 802 altare
1626 762 1790 803 Sancte
1832 762 1969 804 marie
2010 763 2272 817 magdalene

478 833 529 872 In
561 832 701 872 forma
732 830 933 884 sequenti
967 830 1171 872 videlicet
1203 831 1247 872 in
1280 831 1503 873 dominica
1535 838 1634 885 post
1665 831 1827 873 festum
1861 832 2014 874 Sancti
2048 832 2270 887 Nicholaij

474 916 551 955 pro
574 901 808 943 animabus
840 908 1074 955 parentum
1108 901 1213 942 dicti
1246 900 1412 943 domini
1435 901 1585 955 vicarij
1616 908 1658 942 et
1681 902 1854 943 Andree
1886 902 2002 956 alanj
2028 908 2071 943 et
2093 901 2273 943 cristine

474 971 642 1012 cadiow
675 985 835 1025 sponse
867 985 945 1012 sue
978 970 1267 1012 celebrandas
1299 970 1344 1012 in
1377 972 1533 1013 sabato
1570 971 1824 1024 precedenti
1856 972 2064 1026 exequias
2096 971 2272 1013 defunc-

472 1049 618 1082 torum
646 1042 699 1082 de
726 1041 908 1095 placebo
932 1047 974 1082 et
998 1040 1135 1095 dirige
1157 1055 1258 1082 cum
1293 1040 1431 1082 missa
1453 1042 1506 1082 de
1529 1047 1635 1082 nota
1657 1040 1700 1082 in
1729 1041 1952 1083 dominica
1984 1048 2026 1083 et
2058 1041 2274 1096 trigintali

474 1111 675 1164 sequenti
710 1125 786 1165 per
818 1110 1089 1152 ebdomitam
1122 1117 1170 1152 ut
1204 1110 1339 1152 moris
1369 1117 1435 1152 est
1469 1111 1528 1152 Et
1561 1117 1661 1165 post
1693 1112 1924 1153 decessum
1962 1111 2068 1153 dicti
2105 1110 2271 1165 dominj
2309 1106 2314 1109 ’

472 1179 622 1234 vicarij
649 1181 960 1222 celebrandum
979 1194 1057 1233 pro
1075 1180 1218 1221 salute
1236 1180 1383 1222 anime
1402 1194 1479 1221 sue
1497 1187 1539 1221 et
1558 1179 1808 1222 animarum
1827 1180 2046 1222 dictarum
2062 1179 2275 1222 Anniuer-

474 1250 639 1291 sarium
663 1257 946 1304 prenotatum
966 1250 1010 1291 in
1029 1250 1196 1291 Sabato
1214 1250 1413 1304 proximo
1436 1257 1648 1304 sequente
1671 1250 1879 1304 exequias
1895 1250 2203 1292 defunctorum
2222 1251 2276 1292 de

472 1321 656 1374 placebo
675 1328 716 1361 et
735 1319 872 1374 dirige
895 1334 996 1362 cum
1021 1319 1158 1361 missa
1175 1321 1228 1361 de
1245 1327 1352 1362 nota
1373 1320 1418 1361 in
1441 1320 1665 1362 dominica
1687 1319 1888 1374 sequenti
1906 1326 1948 1361 et
1966 1319 2182 1375 trigintali
2199 1333 2276 1374 per

474 1390 763 1431 Ebdomitam
781 1391 837 1431 ad
855 1390 1022 1432 dictum
1042 1390 1182 1431 altare
1199 1404 1277 1444 pro
1296 1404 1382 1443 quo
1399 1389 1616 1444 capellanj
1640 1389 1929 1432 Infeodantur
1943 1389 1986 1430 in
2000 1389 2157 1444 viginti
2175 1388 2275 1431 soli-

472 1459 539 1500 dis
557 1460 609 1500 de
627 1467 743 1501 terra
762 1459 977 1501 Iohannis
1000 1459 1198 1501 menzeis
1215 1459 1259 1500 in
1277 1459 1374 1502 vico
1396 1459 1579 1502 nauium
1598 1466 1640 1502 et
1659 1459 1869 1502 collector
1887 1459 2092 1502 Inueniet
2116 1459 2276 1502 lumin-

471 1527 564 1569 aria
580 1535 622 1569 et
638 1528 823 1570 sacriste
841 1543 918 1583 pro
936 1529 1138 1583 pulsibus
1156 1543 1478 1583 campanarum
1497 1529 1720 1583 persoluet
1736 1536 1805 1571 etc
1820 1536 1867 1571 ut
1882 1529 2135 1584 responsuri
2153 1529 2241 1571 sint

587 1656 747 1698 Obitus
789 1658 1012 1710 quondam
1056 1656 1273 1699 Willelmi
1321 1656 1518 1711 Cantuly
1558 1656 1782 1699 dominica
1822 1656 1923 1710 xviij
1968 1662 2067 1711 post
2112 1656 2275 1699 festum

472 1732 625 1766 sancte
647 1726 861 1768 trinitatis
884 1727 956 1781 quj
982 1727 1088 1768 obiit
1111 1727 1190 1769 tali
1209 1727 1278 1769 die
1301 1727 1468 1769 mensis
1490 1727 1684 1769 octobris
1700 1728 1829 1769 Anno
1853 1726 2020 1768 domini
2040 1726 2277 1769 millesimo

472 1796 909 1850 quadringentesimo
933 1797 1274 1851 Septuagesimo
1297 1804 1459 1839 octauo
1483 1797 1622 1840 Cuius
1644 1796 2000 1839 anniuersarium
2022 1803 2065 1839 et
2087 1797 2275 1840 mariote

473 1866 666 1919 Cantuly
708 1880 869 1920 sponse
911 1881 989 1908 sue
1030 1866 1248 1920 capellanj
1294 1866 1467 1921 collegij
1512 1867 1797 1908 celebrabunt
1839 1867 1894 1907 ad
1936 1865 2076 1907 altare
2121 1866 2274 1908 Sancti

473 1934 686 1988 Stephanj
713 1935 908 1976 martiris
930 1936 1086 1977 eadem
1110 1935 1333 1977 dominica
1355 1935 1425 1977 die
1448 1934 1681 1977 annuatim
1706 1949 1806 1976 cum
1840 1933 1977 1976 missa
2010 1935 2063 1976 de
2095 1941 2202 1977 nota
2232 1941 2276 1976 et

472 2003 687 2058 trigintali
721 2005 957 2047 missarum
995 2005 1325 2059 [precedentem
1342 2004 1385 2058 *]
1422 2019 1500 2059 per
1532 2004 1820 2046 Ebdomitam
1854 2003 2067 2057 Exequiis
2097 2011 2274 2046 tantum

473 2081 746 2116 mortuorum
767 2089 867 2116 cum
886 2076 1071 2129 placebo
1089 2082 1132 2117 et
1150 2075 1290 2130 dirige
1308 2075 1352 2116 in
1372 2076 1539 2117 Sabato
1557 2074 1809 2129 precedenti
1827 2073 2062 2116 celebratis
2075 2080 2121 2115 vt
2139 2073 2275 2116 moris

471 2150 539 2185 est
555 2158 633 2197 pro
649 2145 914 2198 quoquidem
931 2145 1253 2187 Anniuersario
1272 2145 1561 2187 Infeodantur
1577 2143 1793 2199 capellanj
1812 2143 1856 2184 in
1872 2143 2104 2185 duodecim
2123 2142 2275 2184 solidis

471 2213 524 2252 de
546 2218 662 2254 terra
685 2214 908 2266 quondam
932 2213 1150 2255 Willelmi
1175 2214 1369 2268 Cantuly
1388 2215 1440 2255 In
1457 2214 1554 2255 vico
1576 2213 1800 2255 furcarum
1823 2219 1865 2254 et
1889 2213 1942 2254 de
1964 2213 2051 2254 Sex
2068 2227 2089 2254 s
2105 2219 2148 2254 et
2166 2211 2227 2266 iiij
2247 2213 2274 2254 d

473 2282 524 2323 de
557 2282 596 2323 le
629 2282 796 2336 quhitis
828 2283 932 2325 land
954 2283 998 2324 in
1020 2283 1117 2325 vico
1147 2284 1329 2325 nauium
1363 2298 1480 2326 nunc
1512 2283 1557 2324 in
1589 2282 1797 2326 manibus
1824 2281 2062 2324 Alexandri
2093 2282 2276 2324 chamer

472 2352 525 2392 de
548 2351 748 2393 murthill
771 2352 988 2395 existente
1009 2359 1055 2395 vt
1077 2355 1342 2408 respondere
1363 2353 1500 2395 velint

588 2466 866 2510 Venerabilis
907 2468 1065 2510 doctus
1102 2475 1144 2511 et
1187 2468 1538 2523 circumspectus
1573 2467 1639 2509 vir
1680 2466 1893 2521 magister
1924 2467 2125 2509 Andreas
2166 2466 2272 2522 lyall

473 2535 779 2578 thesaurarius
815 2539 868 2579 de
900 2537 1095 2580 Abirdon
1137 2545 1180 2580 et
1218 2537 1420 2581 officialis
1461 2537 1659 2580 eiusdem
1696 2536 1740 2578 in
1777 2536 1990 2578 honorem
2027 2535 2096 2578 dei
2133 2535 2272 2578 omni-

474 2605 667 2659 potentis
708 2613 777 2648 etc
818 2606 1021 2649 fundauit
1063 2622 1196 2649 vnam
1239 2607 1423 2649 missam
1466 2606 1626 2649 cotidie
1673 2605 1983 2648 celebrandam
2030 2605 2086 2647 ad
2132 2605 2271 2648 altare

473 2675 651 2728 gloriosi
693 2676 831 2717 nostri
874 2677 1047 2731 patronj
1094 2677 1247 2719 Sancti
1290 2676 1496 2731 Nicholaj
1543 2710 1551 2718 .
1597 2708 1606 2717 .
1651 2709 1658 2717 .
1703 2689 1780 2729 pro
1823 2674 2090 2729 quaquidem
2134 2674 2272 2716 missa

473 2744 632 2786 futuris
653 2746 928 2800 temporibus
951 2748 1162 2789 duratura
1185 2754 1227 2788 et
1251 2747 1514 2788 celebranda
1539 2745 1756 2800 capellanj
1792 2744 1897 2786 dicti
1929 2744 2102 2799 collegij
2129 2743 2270 2786 Infeo-

473 2814 635 2855 dantur
655 2814 699 2856 in
722 2815 924 2869 piscariis
946 2816 1114 2871 dimidij
1151 2815 1312 2859 Rethis
1344 2817 1396 2858 de
1427 2815 1566 2858 surdis
1598 2829 1730 2868 super
1760 2829 1922 2869 aquam
1950 2815 2003 2856 de
2032 2815 2111 2856 dee
2143 2820 2185 2856 et
2217 2814 2269 2855 In

1100 2930 1118 2945 ⁴*
1144 2931 1182 2961 In
1199 2929 1352 2971 margine
1370 2933 1391 2947 ‘⁴
1404 2934 1601 2971 sequentem
1613 2929 1645 2960 ”.
