2524 3418
1015 295 1269 347 Fragmenta
1994 306 2016 334 2
2023 305 2045 346 5

238 415 309 452 tos
330 410 562 451 tremendo
585 423 734 450 coram
759 423 905 450 summ
931 441 2044 450 ................

241 485 340 522 cate
363 479 558 522 habeant
581 484 624 521 et
647 493 751 533 poss
780 511 2046 521 ..................

238 548 396 604 viginti
419 548 660 592 solidorum
684 562 762 604 pro
784 549 947 592 animis
1004 581 2045 591 ...............

241 618 428 674 singulis
451 618 580 662 annis
602 625 645 661 et
667 618 872 661 terminis
930 652 2046 661 ................

239 702 318 744 pro
339 694 541 744 tempore
562 688 692 731 fuerit
715 694 758 730 et
781 687 880 731 aliis
931 721 2046 731 ................

238 772 357 802 anno
378 758 656 814 negligenter
677 773 723 801 se
746 759 910 802 habeat
1003 791 2044 801 ...............

239 827 427 871 bucione
449 827 556 870 dicti
579 827 715 871 annui
738 827 937 871 redditus
958 827 1115 883 viginti
1139 828 1381 872 solidorum
1446 861 2047 871 .........

241 911 292 941 ac
315 904 546 953 presentes
568 898 806 941 seruicium
830 897 1234 941 anniversariorum
1298 931 2048 942 ...........

241 967 371 1010 annis
393 973 441 1010 ut
463 967 737 1023 permittitur
758 968 872 1012 Volo
895 975 938 1012 et
961 968 1116 1012 ordino
1139 970 1255 1024 quod
1278 968 1415 1013 Viear
1448 1002 2048 1013 .........

240 1044 283 1079 et
307 1043 488 1080 curatus
511 1037 710 1093 ejusdem
777 1071 784 1080 .
850 1072 858 1080 .
924 1071 932 1079 .
998 1071 1006 1081 .
1069 1053 1171 1082 cum
1194 1039 1440 1094 capellanis
1523 1072 1530 1080 .
1597 1073 1605 1081 .
1670 1072 1679 1081 .
1744 1073 1752 1082 .
1800 1068 1827 1082 -.
1892 1073 1900 1082 .
1966 1073 1975 1082 .
2040 1073 2049 1082 .

241 1106 378 1150 marie
405 1106 556 1151 luatur
638 1142 645 1150 .
711 1142 718 1151 .
785 1143 792 1151 .
859 1142 865 1151 .
933 1143 940 1151 .
1006 1142 1013 1150 .
1081 1142 2049 1153 ..............

892 1250 1146 1293 Intermedia
1168 1254 1268 1306 pars
1295 1250 1398 1292 deest

244 1422 1213 1433 ..............
1268 1390 1516 1434 Iohannem
1540 1392 1593 1434 de
1616 1391 1703 1434 fiffe
1728 1391 1976 1434 Iohannem
2000 1391 2052 1434 de
2084 1397 2141 1431 fol.
2163 1396 2225 1431 122

244 1492 991 1503 ...........
1059 1495 1065 1503 .
1133 1495 1139 1503 .
1231 1461 1467 1504 balliorum
1491 1461 1684 1504 dominis
1706 1461 1959 1504 Alexandro
1981 1475 2054 1503 vo-

244 1562 547 1572 .....
615 1564 622 1572 .
688 1565 695 1572 .
762 1565 769 1573 .
837 1565 844 1573 .
910 1565 918 1573 .
984 1565 991 1573 .
1059 1565 1066 1573 .
1133 1566 1139 1573 .
1207 1565 1214 1573 .
1283 1565 1290 1574 .
1356 1565 1365 1575 .
1389 1532 1576 1576 notariis
1599 1532 1787 1588 publicis
1810 1532 2055 1588 capellanis

543 1634 1292 1644 ...........
1360 1637 1366 1644 .
1433 1637 1441 1644 .
1507 1636 1515 1645 .
1593 1603 1814 1646 laurentio
1836 1604 1989 1646 thome
2012 1610 2055 1647 et

245 1701 1289 1715 ...............
1357 1706 1364 1714 .
1430 1707 1438 1714 .
1499 1673 1642 1718 stibus
1665 1675 1720 1718 ad
1743 1674 1960 1730 premissa
1982 1689 2054 1716 vo-

245 2034 1512 2046 ..................
1606 2004 1681 2048 ndi
1703 2004 2055 2049 forestallatores

246 2104 1437 2116 .................
1505 2108 1512 2116 .
1578 2107 1587 2117 .
1625 2076 1679 2118 de
1701 2075 1888 2130 aliisque
1911 2077 2055 2121 officia

246 2174 1364 2186 ................
1393 2145 1539 2188 littere
1563 2153 1838 2200 perueneunt
1862 2147 2054 2191 salutem

246 2245 1511 2258 ..................
1554 2216 1759 2259 rensibus
1781 2223 1824 2259 et
1846 2217 2056 2262 fratribus

247 2315 1438 2327 .................
1502 2287 1693 2330 cereiam
1717 2288 1948 2342 spadalem
1972 2303 2056 2343 que

247 2385 1291 2396 ...............
1359 2390 1364 2397 .
1431 2389 1439 2398 .
1505 2389 1514 2399 .
1605 2356 1777 2399 inuenit
1800 2357 1974 2412 aliquos
1995 2359 2055 2401 fo-

247 2456 1436 2468 .................
1494 2427 1725 2470 Aberdene
1747 2427 1841 2482 ipse
1864 2428 1934 2470 uel
1958 2428 2054 2484 ipsa

247 2527 918 2537 ..........
986 2529 992 2537 .
1060 2530 1066 2537 .
1133 2529 1140 2538 .
1207 2529 1214 2537 .
1281 2530 1288 2538 .
1354 2530 1360 2537 .
1427 2529 1436 2538 .
1501 2529 1510 2539 .
1602 2503 1746 2540 estare
1769 2497 1987 2553 corrigere
2010 2506 2052 2542 et

247 2597 770 2607 ........
779 2567 782 2570 ⁴
837 2600 844 2607 .
911 2600 918 2607 .
985 2600 992 2607 .
1059 2600 1066 2607 .
1133 2600 1139 2608 .
1207 2600 1213 2608 .
1280 2600 1287 2608 .
1376 2574 1530 2610 tenore
1556 2567 1836 2622 presencium
1864 2569 2054 2612 firmitur

247 2666 917 2678 ..........
985 2670 992 2678 .
1059 2670 1065 2678 .
1133 2670 1139 2678 .
1207 2670 1213 2678 .
1280 2671 1286 2678 .
1354 2670 1361 2679 .
1442 2637 1602 2681 fratres
1623 2637 1741 2693 gilde
1763 2653 1814 2681 ac
1838 2639 2053 2693 magistra

247 2736 1213 2749 ..............
1281 2742 1287 2749 .
1354 2741 1361 2749 .
1393 2709 1639 2751 exercenda
1662 2708 1929 2763 quociesque
1951 2708 2053 2753 inde

247 2807 1361 2819 ................
1421 2779 1529 2821 hare
1551 2785 1594 2821 et
1617 2779 1866 2822 confortare
1888 2779 2053 2822 curetis

247 2877 1363 2890 ................
1435 2850 1605 2891 Datum
1629 2850 1710 2892 sub
1733 2848 1878 2904 sigillo
1900 2856 2053 2892 nostro

247 2947 845 2959 .........
913 2951 919 2959 .
987 2952 993 2959 .
1060 2932 1067 2959 .·
1133 2952 1140 2959 .
1207 2952 1213 2959 .
1282 2952 1288 2960 .
1363 2919 1442 2961 arii
1467 2934 1584 2962 anno
1610 2919 1753 2974 Regni
1777 2920 1916 2965 nostri
1939 2925 2055 2964 xxv‘0
