2524 3418
773 335 814 374 F
815 334 985 375 mulatio
1016 333 1218 388 Magistri
1249 334 1398 375 Dauid
1429 348 1582 376 menses
1997 352 2073 391 131

271 453 317 489 vt
340 446 607 503 premissum
633 454 700 491 est
723 462 800 504 per
817 463 973 491 omnes
994 455 1136 492 terras
1158 455 1200 491 et
1223 448 1528 504 possessiones
1546 454 1723 492 nostras
1745 457 1900 493 contra
1922 466 2078 495 omnes

272 518 485 561 mortales
522 519 902 562 varantizabimus
944 519 1298 575 acquietabimus
1335 525 1378 562 et
1417 521 1754 575 Imperpetuum
1792 521 2080 565 defendemus

273 589 338 630 IN
375 590 569 632 CUIUS
604 589 686 632 Rei
718 588 1026 632 testimonium
1058 589 1161 632 huic
1193 589 1388 644 presenti
1421 595 1542 632 carte
1576 604 1672 632 mee
1699 589 1906 645 Sigillum
1929 606 2078 634 meum

271 665 314 700 et
348 658 505 714 Sigilla
537 659 864 707 honorabilium
892 660 1087 703 virorum
1121 659 1337 702 Iohannis
1370 659 1569 702 colisoun
1602 666 1644 702 et
1677 660 1870 703 Walteri
1903 661 2078 704 cullane

271 730 458 772 duorum
496 730 761 774 balliuorum
795 730 994 774 eiusdem
1028 730 1153 786 burgi
1186 745 1238 773 ac
1270 730 1438 773 datoris
1475 730 1623 774 sasine
1651 730 1907 774 huiusmodi
1939 732 2075 775 annui

272 800 492 844 Redditus
532 801 737 844 vndecim
774 802 1016 844 solidorum
1059 808 1101 844 et
1143 807 1257 844 terre
1298 807 1530 856 prenotate
1571 808 1675 844 sunt
1716 816 1915 857 appensa
1957 804 2075 858 apud

269 872 459 914 eundem
501 872 689 927 burgum
716 872 896 928 ,Quinto
932 872 1002 915 die
1043 871 1211 914 mensis
1251 871 1415 927 Aprilis
1454 873 1585 914 Anno
1626 872 1793 928 dominj
1837 872 2075 915 millesimo

269 941 627 997 quingentesimo
668 943 931 986 duodecimo
973 945 1136 986 Coram
1178 942 1375 998 prouidis
1423 949 1465 985 et
1513 943 1714 985 honestis
1753 943 1860 986 viris
1911 944 2075 987 Iacobo

269 1012 468 1055 colisoun
509 1013 687 1056 Thoma
728 1014 911 1056 chamer
951 1013 1143 1056 dominis
1184 1013 1317 1056 dauid
1359 1027 1483 1055 waus
1535 1015 1757 1056 Duncano
1808 1014 2075 1057 marscheall

268 1083 512 1138 capellanis
534 1083 765 1127 Willelmo
791 1084 1065 1139 scrimgeour
1087 1090 1130 1126 et
1152 1084 1331 1126 Andrea
1356 1083 1572 1138 naughtie
1594 1084 1638 1126 in
1661 1084 1906 1128 donacione
1928 1085 2076 1128 sasine

267 1153 425 1208 prefati
471 1153 609 1197 annui
657 1153 877 1197 Redditus
917 1153 1122 1196 vndecim
1170 1153 1412 1196 solidorum
1454 1153 1637 1196 henrico
1682 1154 1796 1197 Reid
1837 1155 2077 1198 alexandro

267 1225 406 1268 horne
428 1224 562 1268 dauid
585 1224 718 1267 criste
740 1224 875 1267 dauid
898 1239 1062 1279 couper
1085 1224 1286 1267 Iohanne
1314 1223 1482 1279 scrogis
1505 1224 1744 1267 alexandro
1765 1239 1874 1280 gray
1897 1226 2076 1268 Iuniore

267 1295 561 1351 burgensibus
593 1295 700 1338 dicti
733 1295 859 1351 burgi
881 1295 1113 1339 Willelmo
1146 1295 1420 1350 scrimgeour
1442 1296 1686 1350 sergeando
1718 1296 1999 1350 presentibus
2031 1296 2075 1338 in

266 1366 514 1409 donacione
537 1365 685 1410 sasine
711 1373 827 1409 terre
859 1365 1075 1421 prelibate
1108 1367 1169 1408 Et
1202 1365 1382 1409 domino
1414 1365 1615 1408 Iohanne
1638 1365 1883 1422 Stirueling
1903 1367 2077 1410 notario

265 1436 444 1492 publico

441 1534 540 1575 Hec
572 1538 639 1575 est
668 1547 772 1575 vera
804 1531 932 1587 copia
955 1533 1088 1575 Carte
1121 1546 1222 1574 cum
1255 1546 1336 1574 suo
1367 1530 1572 1586 originali
1605 1531 1882 1574 concordans
1907 1545 1984 1586 per
2006 1546 2076 1574 me

441 1602 690 1646 Iohannem
714 1601 960 1657 Stirueling
981 1601 1171 1644 fideliter
1193 1600 1484 1644 collationata
1505 1606 1620 1644 teste
1643 1615 1780 1644 manu
1802 1600 1979 1657 propria

1091 1793 1262 1834 LXXI.

753 1887 966 1930 Fundano
995 1887 1199 1942 Magistri
1228 1886 1379 1929 Dauid
1408 1900 1564 1928 menzes

389 1979 685 2026 OUERINT
717 1979 927 2023 Vniuersi
964 1995 1042 2035 per
1072 1986 1304 2035 presentes
1342 1981 1438 2022 Nos
1475 1981 1693 2022 Curatum
1726 1985 1769 2021 et
1802 1981 2072 2035 Capellanos

447 2051 620 2108 collegij
646 2066 724 2095 seu
748 2050 870 2094 chori
893 2050 1079 2093 ecclesie
1103 2050 1192 2106 diuj
1213 2049 1425 2105 nicholaij
1446 2051 1499 2093 de
1522 2050 1731 2093 abirdene
1749 2064 1831 2093 nos
1849 2051 2070 2106 obligasse

261 2130 391 2180 prout
431 2130 585 2167 tenore
627 2121 907 2178 presencium
949 2135 1030 2164 nos
1072 2121 1324 2176 obligamus
1374 2127 1417 2163 et
1464 2127 1642 2163 nostros
1693 2134 1974 2163 successores
2025 2121 2070 2163 in

261 2201 525 2252 perpetuum
566 2193 842 2250 temporibus
877 2191 1038 2235 futuris
1079 2193 1135 2235 ad
1178 2192 1490 2234 celebrandam
1525 2205 1660 2234 vnam
1698 2190 1884 2233 missam
1921 2190 1966 2233 in
2001 2191 2070 2234 dei

261 2264 582 2322 omnipotentis
613 2265 792 2308 laudem
824 2269 868 2306 et
899 2262 1087 2319 gloriam
1120 2262 1351 2306 benedicte
1384 2261 1541 2304 matris
1569 2260 1665 2304 eius
1697 2260 1836 2304 marie
1862 2267 1905 2303 et
1930 2260 2070 2303 totius

262 2337 395 2381 Curie
417 2335 595 2380 celestis
617 2335 740 2379 omni
769 2341 895 2378 sexta
919 2333 1028 2377 feria
1056 2335 1110 2376 de
1136 2333 1344 2389 passione
1371 2332 1570 2375 eiusdem
1599 2331 1790 2387 gloriose
1818 2329 2002 2386 virginis
2023 2330 2068 2372 in

262 2407 551 2451 subterranea
576 2405 765 2450 ecclesia
798 2406 854 2449 ad
886 2405 1027 2448 altare
1058 2405 1188 2447 beate
1220 2403 1358 2446 marie
1384 2405 1438 2446 de
1469 2402 1637 2458 pietate
1671 2403 1724 2444 In
1750 2401 1999 2444 intentione
2025 2407 2068 2443 et

262 2492 340 2533 pro
371 2476 521 2521 anima
552 2476 692 2520 nostri
725 2475 960 2520 confratris
991 2474 1194 2530 magistri
1231 2474 1365 2517 dauid
1398 2473 1595 2516 menzeis
1626 2472 1862 2516 animabus
1892 2471 2068 2526 gilberti

262 2562 443 2591 menzes
468 2547 672 2592 mariorie
699 2548 895 2592 Chamer
927 2561 1005 2590 sue
1030 2545 1179 2589 vxoris
1205 2559 1476 2600 suorumque
1508 2549 1745 2600 parentum
1772 2541 2067 2595 consanguin-

261 2632 414 2661 eorum
442 2618 730 2661 fundatorum
760 2623 803 2660 et
836 2617 1170 2661 benefactorum
1202 2629 1390 2670 quorum
1414 2613 1708 2669 quouismodo
1730 2610 1902 2654 debitor
1923 2616 1990 2653 est
2013 2611 2068 2653 ad

262 2687 615 2732 satisfactionem
649 2689 896 2732 secundum
933 2687 1266 2730 misericordem
1305 2685 1390 2728 Dei
1428 2683 1786 2739 acceptationem
1820 2695 1898 2736 per
1929 2693 2066 2722 vnum

260 2760 314 2802 de
336 2758 501 2802 nostris
524 2760 818 2803 confratribus
841 2759 1014 2814 collegij
1041 2773 1119 2801 seu
1145 2755 1268 2800 chori
1297 2754 1596 2799 residentibus
1617 2760 1660 2796 et
1684 2752 1800 2807 quod
1823 2749 2064 2804 celebrantj

259 2829 450 2873 satisfiat
473 2829 518 2872 in
545 2844 682 2873 manu
704 2837 747 2873 et
776 2829 886 2873 nulli
910 2829 1037 2872 alteri
1064 2830 1117 2872 de
1140 2834 1331 2883 quatuor
1352 2825 1545 2869 denariis
1574 2830 1617 2867 et
1649 2822 1875 2865 residuum
1897 2819 2066 2875 vigenti

260 2899 503 2942 solidorum
526 2900 795 2943 annuatim⁹⁶
828 2899 1079 2943 seruabitur
1110 2899 1166 2941 ad
1187 2896 1427 2941 vtilitatem
1449 2892 1787 2938 communitatis
1811 2892 1879 2932 Eo
1911 2897 1954 2932 et
1987 2904 2066 2945 pro

345 2995 363 3011 ἤ
381 2993 420 3023 In
438 2997 532 3023 carta
549 2991 613 3024 hoc
630 2992 769 3024 verbum
787 2992 1040 3025 interlineatum
1057 2998 1121 3025 est.
1168 2991 1255 3024 Vide
1272 2990 1511 3024 attestationes
1528 2988 1736 3021 notariorum
1754 2985 1976 3028 publicorum.

2102 951 2162 985 fol.
2177 951 2240 986 531

2103 1895 2160 1928 fol.
2177 1898 2217 1929 53
2228 1896 2242 1916 2
