2524 3418
883 298 922 338 F
924 296 1034 337 unda
1040 297 1094 337 tio
1125 296 1150 337 I
1153 299 1261 337 onete
1292 295 1489 350 craufurd
2011 309 2030 336 1
2038 308 2060 348 5
2069 309 2088 336 1

458 416 557 456 Hec
579 420 646 456 est
667 427 772 455 vera
794 418 837 454 et
866 410 1118 454 indubitata
1141 409 1268 465 copia
1291 409 1384 451 siue
1413 415 1771 464 transsumptum
1795 410 2091 464 transsumpti

457 490 578 527 carte
600 481 829 538 originalis
851 483 904 524 de
931 479 1156 523 mondinis
1176 479 1307 522 vnius
1336 479 1471 534 annuj
1502 478 1702 521 redditus
1734 493 1982 522 mercarum
2016 494 2093 523 sex

457 554 828 597 mortificatarum
860 551 1073 607 hospitali
1106 550 1250 594 sancti
1282 550 1436 592 thome
1469 548 1697 605 magistris
1726 550 1779 592 de
1810 549 2019 592 abirdene
2048 556 2091 593 et

457 624 689 680 capellano
725 623 924 666 eiusdem
975 628 1019 664 et
1061 620 1394 664 successoribus
1436 620 1528 663 suis
1569 619 1898 675 imperpetuum
1949 619 2011 661 nil
2053 619 2092 662 ei

456 695 660 738 addendo
701 699 778 737 aut
821 693 1062 736 minuendo
1104 692 1221 747 quod
1261 690 1367 734 facti
1416 690 1721 734 substanciam
1764 689 1972 732 immutet
2015 695 2094 733 aut

456 765 736 808 intellectum
757 763 900 806 variat
923 777 1060 806 manu
1083 777 1183 805 mea
1206 761 1372 816 scripta
1395 776 1474 803 seu
1496 760 1712 816 scriptum
1738 774 1816 816 per
1839 774 1910 802 me
1933 758 2095 814 magis-

456 842 575 878 trum
598 834 881 878 Willelmum
913 833 1170 889 philipsoun
1192 832 1383 875 fideliter
1404 831 1542 874 sacris
1569 830 1911 875 auctoritatibus
1945 829 2095 886 papali

456 911 500 948 et
530 904 748 960 imperiali
781 903 1005 947 notarium
1037 902 1265 958 publicum
1289 901 1500 945 clericum
1527 901 1836 945 abirdonensis
1866 900 2094 944 dioceseos

456 975 753 1020 collacionata
784 980 828 1017 et
861 974 1116 1017 auscultata
1145 987 1223 1016 seu
1256 971 1602 1015 collacionatum
1635 978 1677 1015 et
1711 971 2016 1016 auscultatum
2050 976 2093 1014 et

455 1046 696 1089 concordat
729 1060 831 1088 cum
864 1059 944 1087 suo
976 1043 1182 1099 originali
1213 1049 1523 1098 transsumpto
1554 1042 1851 1098 transsumpti
1883 1043 1936 1086 de
1960 1043 2094 1085 verbo

455 1117 499 1159 in
521 1117 704 1160 verbum
728 1117 845 1171 quod
877 1121 1068 1158 attestor
1099 1114 1226 1170 signo
1255 1113 1436 1157 nomine
1459 1119 1501 1156 et
1526 1113 1791 1169 cognomine
1816 1113 1928 1156 meis
1951 1112 2094 1155 solitis

455 1192 498 1230 et
531 1186 759 1229 consuetis
779 1200 972 1229 vnacum
997 1199 1098 1228 cum
1132 1184 1459 1240 subscriptione
1491 1184 1690 1227 manuali
1722 1190 1765 1226 et
1798 1183 2094 1239 chirographo

454 1270 554 1299 meo
590 1255 694 1298 huic
729 1260 1038 1310 transsumpto
1080 1253 1285 1309 apposito
1327 1268 1444 1296 anno
1481 1253 1650 1296 domini
1692 1253 1931 1296 millesimo
1968 1253 2094 1308 quin-

452 1325 702 1381 gentesimo
724 1325 938 1369 vicesimo
961 1331 1085 1368 sexto
1109 1325 1178 1368 die
1199 1339 1302 1367 vero
1325 1323 1494 1367 mensis
1521 1324 1636 1379 Iunij
1663 1323 1835 1367 decimo
1857 1323 1995 1367 tercio

350 770 392 1043 uqueffioziqo

1082 1612 1297 1655 LXXXI,

352 1744 392 1785 N
447 1742 516 1784 die
567 1741 747 1783 nomine
799 1755 930 1784 amen
973 1755 1051 1796 per
1092 1740 1177 1783 hoc
1227 1754 1413 1795 presens
1463 1738 1691 1794 publicum
1736 1740 2094 1782 Instrumentum

410 1812 584 1856 cunctis
616 1818 768 1867 pateat
807 1812 1055 1855 Euidentes
1086 1812 1204 1867 quod
1237 1825 1355 1853 anno
1386 1809 1716 1853 incarnacionis
1747 1809 1970 1852 dominice
1999 1809 2096 1852 mil-

282 1883 440 1927 lesimo
472 1881 831 1938 quingentesimo
862 1881 997 1937 xxvjt0
1023 1880 1192 1924 mensis
1223 1895 1328 1923 vero
1360 1879 1608 1923 decembris
1635 1879 1704 1922 die
1727 1878 1817 1934 xiiij
1845 1878 2096 1922 Indictione

282 1954 456 1997 decima
497 1952 654 2008 quinta
697 1952 993 1995 Pontificatus
1039 1950 1313 1995 sanctissimi
1355 1950 1401 1993 in
1443 1949 1611 1993 christo
1651 1948 1793 2005 patris
1834 1964 1885 1992 ac
1927 1949 2096 1992 domini

281 2023 451 2067 domini
483 2023 624 2066 nostri
657 2023 905 2066 Clementis
937 2022 1090 2065 diuina
1121 2020 1410 2078 prouidencia
1439 2035 1554 2077 pape
1583 2019 1763 2075 septimi
1784 2020 1915 2061 Anno
1938 2026 2096 2074 quarto

283 2095 336 2137 In
359 2093 446 2136 mei
469 2092 631 2136 notarii
652 2092 818 2148 publici
846 2094 906 2135 Et
929 2093 1113 2136 testium
1136 2091 1519 2146 infrascriptorum
1542 2089 1775 2146 presencia
1797 2089 2098 2132 Personaliter

282 2163 528 2207 constituta
566 2164 710 2207 Proba
746 2169 789 2205 et
825 2162 1016 2206 honesta
1053 2162 1212 2205 mulier
1245 2163 1404 2205 Ioneta
1440 2161 1646 2204 craufurd
1681 2159 1838 2202 relicta
1870 2160 2094 2214 quondam

281 2233 431 2290 gavini
465 2248 645 2289 murray
677 2233 911 2288 burgensis
949 2234 1002 2276 de
1039 2233 1248 2276 abirdene
1286 2233 1356 2274 Ex
1393 2230 1528 2274 certis
1564 2230 1713 2274 causis
1748 2229 2095 2273 racionabilibus

282 2304 483 2348 animum
522 2318 653 2346 suum
691 2304 746 2346 ad
781 2303 866 2346 hoc
899 2303 1185 2347 mouentibus
1224 2302 1359 2345 Dedit
1397 2301 1587 2345 contulit
1634 2302 1694 2343 Et
1727 2299 1863 2343 libere
1909 2299 2094 2343 donauit

282 2373 477 2416 Prouido
511 2373 606 2417 viro
641 2372 681 2416 T
685 2374 819 2417 home
855 2374 1063 2417 craufurd
1104 2372 1315 2429 burgensi
1357 2372 1464 2416 dicti
1506 2371 1633 2427 burgi
1675 2385 1900 2414 summam
1936 2369 2094 2426 viginti

282 2443 496 2486 librarum
532 2442 702 2486 vsualis
739 2449 918 2487 monete
953 2443 1078 2499 regni
1116 2443 1261 2486 scocie
1298 2442 1343 2485 in
1384 2441 1575 2498 pecunia
1616 2447 1853 2484 numerata
1893 2455 1971 2496 pro
2006 2454 2094 2483 vno

282 2528 431 2557 annuo
467 2514 643 2557 redditu
683 2514 843 2570 viginti
885 2514 1128 2558 solidorum
1170 2514 1287 2558 dicte
1329 2519 1508 2556 monete
1549 2512 1783 2557 annuatim
1825 2516 2015 2554 exeunte
2051 2517 2094 2553 et

281 2584 473 2627 leuando
506 2586 561 2627 ad
593 2586 705 2628 duos
738 2585 843 2628 anni
875 2585 1094 2628 terminos
1115 2585 1294 2628 vsuales
1326 2583 1634 2639 penthicostes
1654 2582 1861 2626 videlicet
1884 2587 1926 2624 et
1950 2580 2094 2624 saneti

282 2653 464 2697 martini
501 2653 546 2696 in
581 2669 710 2710 yeme
741 2669 819 2711 per
854 2655 1036 2711 equales
1067 2655 1300 2711 porciones
1333 2656 1403 2697 De
1438 2660 1535 2697 tota
1571 2659 1614 2696 et
1651 2652 1824 2708 integra
1859 2657 1977 2694 terra
2013 2665 2094 2694 sua

283 2723 504 2767 anteriore
527 2725 588 2767 Et
610 2724 819 2768 interiore
852 2741 954 2769 cum
986 2725 1276 2782 pertinenciis
1304 2727 1485 2768 Iacente
1508 2723 1620 2767 infra
1643 2723 1812 2767 dictum
1835 2723 2025 2776 burgum
2047 2720 2092 2763 in

280 2793 380 2836 vico
403 2793 629 2849 superiore
661 2794 847 2838 ecclesie
870 2810 923 2838 ex
951 2795 1116 2839 boreali
1139 2801 1266 2851 parte
1297 2795 1497 2838 eiusdem
1530 2794 1647 2838 inter
1677 2800 1844 2837 terram
1867 2792 2092 2848 quondam

282 2862 497 2906 heredum
520 2864 684 2908 roberti
706 2880 813 2921 crag
834 2881 887 2909 ex
908 2865 1114 2909 orientali
1136 2880 1189 2908 ex
1219 2880 1307 2908 vna
1340 2867 1400 2908 Et
1431 2871 1597 2908 terram
1631 2863 1815 2907 Ioannis
1841 2877 2020 2918 murray
2042 2876 2094 2905 ex

284 2932 550 2977 occidentali
573 2935 774 2991 partibus
797 2937 852 2980 ab
874 2936 1015 2980 altera
1037 2931 1115 2993 per
1137 2937 1345 2979 Eundem
1372 2935 1575 2977 thomam
1597 2933 1763 2977 vicario
1785 2939 1827 2976 et
1851 2931 2095 2988 capellanis

2124 1749 2181 1781 fol.
2201 1748 2263 1781 602

2125 1836 2296 1869 Fundatio

2126 1881 2244 1912 Ionete

2125 1924 2280 1957 craufurd
