2524 3418
887 332 1074 375 Donatio
1106 333 1236 374 thome
1272 333 1399 375 Waus
1968 346 2048 385 133

410 454 453 491 et
496 448 672 504 singula
713 449 819 491 dum
865 454 914 491 ut
965 447 1291 504 presc(r)ibitur
1340 448 1496 490 fierent
1546 460 1740 489 vnacum
1792 446 2049 502 prescriptis

410 518 620 562 fratribus
646 517 928 573 presentibus
956 517 1132 572 interfuj
1163 532 1302 572 eaque
1334 516 1397 559 sic
1429 515 1522 558 fieri
1553 515 1641 571 vidj
1677 515 1786 570 sciuj
1822 522 1864 558 et
1897 516 2048 559 audiui

412 595 454 631 et
477 590 633 632 eadem
656 588 701 631 in
723 595 876 632 notam
906 588 1042 644 recipi
1065 595 1108 631 et
1131 588 1175 630 in
1198 589 1314 631 hanc
1336 588 1526 630 formam
1552 586 1690 642 redigi
1717 587 1798 629 sub
1828 586 2048 641 subscrip-

412 660 533 703 tione
564 666 608 702 et
640 658 767 715 signo
799 659 911 703 meis
943 659 1088 702 solitis
1122 665 1165 702 et
1198 658 1425 702 consuetis
1450 665 1494 701 et
1520 659 1716 713 approbo
1745 657 1785 699 le
1814 656 2047 700 annuatim

412 728 746 773 interlineatum
1536 727 1932 784 [Chirographum]

532 846 593 887 Et
615 859 697 900 ego
725 844 1000 888 Wilhelmus
1031 843 1288 900 philipsoun
1321 844 1461 887 sacris
1493 843 1740 899 apostolica
1762 850 1805 886 et
1828 843 2048 899 imperiali

413 914 755 958 auctoritatibus
791 913 993 956 notarius
1028 913 1234 968 publicus
1271 920 1313 956 et
1351 913 1534 968 capituli
1571 913 1792 956 confrater
1827 915 1934 956 dum
1966 914 2048 956 hec

413 983 632 1038 obligacio
673 997 752 1025 seu
797 982 1136 1038 compromissio
1178 989 1221 1025 et
1263 983 1553 1037 pecuniarum
1606 982 1728 1025 datio
1770 989 1813 1025 et
1853 983 2049 1038 receptio

413 1061 649 1109 ceteraque
671 1053 822 1096 omnia
844 1060 887 1096 et
910 1053 1086 1109 singula
1110 1055 1215 1096 dum
1239 1053 1302 1095 sic
1319 1060 1368 1096 ut
1385 1053 1642 1096 inscribitur
1662 1054 1818 1096 fierent
1841 1055 2048 1097 Vnacum

412 1123 671 1180 prescriptis
700 1123 910 1166 fratribus
942 1137 1125 1178 presens
1157 1123 1336 1165 interfui
1369 1138 1508 1178 eaque
1540 1123 1691 1166 omnia
1716 1130 1759 1166 et
1786 1123 1963 1179 singula
1985 1124 2048 1167 sic

412 1193 504 1249 fierj
542 1193 632 1236 vidi
669 1192 779 1248 sciuj
819 1199 862 1235 et
899 1192 1050 1247 audiuj
1087 1193 1243 1235 eadem
1280 1192 1325 1234 in
1367 1200 1521 1235 notam
1564 1192 1735 1247 sumpsi
1771 1199 1814 1235 et
1851 1193 1895 1235 in
1932 1194 2049 1236 hanc

412 1263 601 1305 formam
623 1262 760 1318 redigj
786 1264 868 1306 sub
891 1262 1218 1317 subscriptione
1240 1269 1283 1305 et
1306 1262 1433 1317 signo
1456 1261 1568 1304 meis
1591 1262 1735 1305 solitis
1757 1269 1799 1305 et
1824 1263 2051 1306 consuetis

414 1340 458 1376 et
489 1334 685 1388 approbo
717 1339 761 1376 et
792 1332 966 1376 ratifieo
1007 1332 1052 1388 ly
1083 1331 1317 1376 annuatim
1359 1331 1695 1375 interlineatum
1737 1332 1883 1376 aliena
1914 1347 2051 1375 manu

412 1402 629 1458 scriptum
1538 1400 1936 1456 [Chirographum]

1048 1547 1245 1588 LXXII.

368 1639 664 1685 OUERINT
694 1638 889 1683 Vniuersi
918 1653 997 1695 per
1020 1645 1252 1695 presentes
1274 1640 1492 1682 Curatum
1515 1644 1558 1680 et
1582 1637 1851 1693 Capellanos
1878 1638 2051 1694 collegij

425 1725 504 1754 seu
535 1710 658 1754 chori
690 1709 877 1754 ecclesie
908 1709 998 1766 diuj
1033 1709 1210 1765 nicolaij
1239 1710 1293 1752 de
1322 1709 1531 1753 abirdene
1562 1723 1645 1751 nos
1676 1708 1897 1763 obligasse
1923 1714 2053 1764 prout

242 1789 396 1826 tenore
418 1781 694 1838 presentium
716 1796 798 1825 nos
820 1781 1072 1836 obligamus
1094 1787 1137 1824 et
1160 1786 1338 1823 nostros
1360 1794 1642 1823 successores
1662 1778 1824 1822 futuris
1844 1778 2054 1834 tempori-

244 1853 327 1897 bus
364 1853 701 1908 Imperpetuum
738 1853 794 1896 ad
831 1852 1143 1895 celebrandam
1164 1865 1300 1893 Vnam
1337 1849 1523 1893 missam
1556 1849 1601 1892 in
1633 1848 1703 1892 dei
1735 1848 2057 1905 omnipotentis

244 1923 423 1967 laudem
445 1923 633 1980 gloriam
656 1929 699 1967 et
722 1923 937 1966 honorem
959 1921 1192 1966 benedicte
1214 1920 1372 1964 matris
1397 1920 1492 1963 eius
1515 1919 1654 1963 marie
1686 1934 1738 1963 ac
1769 1919 1916 1963 tocius
1938 1918 2058 1962 curie

245 1995 424 2039 celestis
457 1994 579 2038 omni
617 1994 773 2051 quinta
809 1993 917 2037 feria
954 1994 1007 2037 de
1041 1993 1236 2049 quinque
1267 1991 1526 2035 vulneribus
1558 1989 1727 2034 domini
1758 1989 1899 2033 nostri
1931 1989 2059 2032 ihesu

245 2064 368 2109 cristi
391 2065 436 2108 in
458 2065 649 2109 ecclesia
671 2065 760 2121 diuj
786 2064 964 2120 nicolaij
990 2065 1043 2107 de
1066 2063 1276 2107 abirdene
1299 2064 1354 2106 ad
1378 2062 1519 2105 altare
1542 2061 1685 2116 sanctj
1712 2060 1891 2115 martinj
1916 2059 2060 2115 ponti-

246 2135 343 2178 ficis
365 2141 409 2179 et
431 2135 699 2179 confessoris
730 2137 782 2178 In
811 2133 1066 2178 intencione
1098 2140 1141 2176 et
1174 2147 1252 2189 pro
1285 2132 1521 2176 animabus
1549 2130 1824 2174 honorabilis
1844 2130 1925 2173 viri
1949 2131 2061 2173 bone

246 2206 460 2249 memorie
500 2207 654 2250 thome
690 2207 838 2250 Waus
879 2205 985 2248 olim
1027 2203 1262 2260 burgensis
1303 2203 1437 2246 huius
1478 2202 1598 2258 opidi
1641 2201 1848 2245 mariorie
1888 2198 2061 2256 gregori

245 2275 393 2319 vxoris
415 2290 493 2319 sue
515 2276 706 2332 prolium
730 2289 1002 2331 suorumque
1024 2281 1260 2331 parentum
1287 2274 1475 2317 fratrum
1502 2280 1545 2316 et
1574 2287 1777 2316 sororum
1800 2273 2061 2315 eorundem-

247 2359 333 2400 que
369 2346 794 2402 consanguiniorum
830 2346 1119 2390 fundatorum
1156 2344 1492 2389 benefactorum
1530 2358 1582 2387 ac
1619 2342 1821 2386 omnium
1863 2342 2060 2384 fidelium

248 2414 557 2459 defunctorum
609 2431 798 2472 quorum
850 2415 1146 2471 quouismodo
1197 2414 1419 2458 debitores
1461 2419 1566 2456 sunt
1608 2414 1664 2457 ad
1706 2411 2060 2456 satisfactionem

249 2485 495 2527 secundum
518 2484 849 2529 misericordem
873 2484 942 2529 dei
966 2483 1326 2540 acceptationem
1348 2499 1427 2540 per
1440 2497 1578 2526 vnum
1597 2483 1931 2538 capellanorum
1955 2480 2062 2523 dicti

250 2552 423 2609 collegij
448 2555 767 2599 ebdomidatim
791 2555 1025 2600 alternatis
1041 2554 1214 2599 vicibus
1231 2555 1485 2598 tabulatum
1507 2569 1585 2611 per
1607 2555 1787 2597 eosdem
1806 2552 2063 2608 capellanos

250 2622 373 2665 chori
414 2623 661 2668 residentes
703 2627 773 2669 Eo
815 2632 858 2669 et
900 2640 979 2682 pro
1021 2632 1190 2681 quanto
1232 2626 1350 2680 quod
1391 2624 1510 2667 idem
1546 2624 1728 2666 thomas
1770 2628 1813 2665 et
1855 2620 2063 2664 marioria

250 2693 466 2736 dederunt
493 2694 622 2739 nobis
652 2695 698 2738 in
730 2695 920 2752 pecunia
942 2702 1179 2739 numerata
1200 2694 1408 2738 videlicet
1432 2694 1477 2736 in
1500 2709 1608 2737 auro
1631 2699 1674 2736 et
1697 2698 1882 2747 argento
1904 2690 2063 2746 viginti

250 2761 386 2805 libras
409 2763 470 2806 Et
493 2762 538 2805 in
568 2778 655 2808 vno
688 2779 837 2809 annuo
868 2765 1044 2809 redditu
1077 2771 1269 2821 quatuor
1295 2764 1538 2807 solidorum
1572 2770 1615 2806 et
1638 2762 1680 2805 vi
1703 2761 1986 2805 denariorum
2009 2761 2063 2802 de

248 2830 447 2887 vnanimj
483 2846 705 2877 consensu
733 2834 948 2877 heredum
970 2834 1177 2877 videlicet
1200 2833 1387 2876 elizabet
1410 2833 1557 2877 Waus
1579 2837 1621 2874 et
1645 2835 1894 2886 margarete
1916 2829 2062 2873 Waus

250 2916 521 2958 suorumque
547 2904 811 2948 maritorum
828 2904 1239 2960 Wilhelmituring
1259 2910 1302 2947 et
1325 2903 1554 2947 malcolmi
1576 2917 1683 2958 crag
1703 2901 2061 2945 deliberauerunt

250 2971 295 3014 in
329 2987 487 3028 puram
523 2980 567 3017 et
598 2981 860 3030 perpetuam
897 2975 1180 3019 elimosinam
1217 2975 1273 3018 ad
1310 2981 1511 3017 nostram
1543 2980 1586 3016 et
1620 2985 1928 3016 successorum
1960 2985 2060 3013 nos-

2077 844 2136 877 fol.
2153 846 2193 877 54
2205 844 2216 864 ยน
