2524 3418
665 291 890 334 Commune
921 291 1095 334 Rentale
1127 291 1161 334 C
1165 291 1446 347 apellanorum
1477 291 1632 333 ecclesie
1978 306 2056 349 191

368 409 483 451 Item
507 418 585 463 pro
610 407 812 450 Iohanne
835 412 1108 449 steuensoun
1135 412 1177 450 et
1209 421 1343 449 vxore
1366 407 1419 449 de
1451 412 1569 450 terra
1592 409 1818 462 quondam
1843 407 2060 452 Iohannis

251 480 399 522 litstar
420 478 638 533 capellanj
666 479 848 520 Iacente
871 476 916 518 in
937 476 1035 520 vico
1058 476 1253 520 inferiori
1277 477 1463 520 ecclesie
1919 492 1976 520 xx
1998 494 2018 521 s
2033 478 2057 504 *

368 551 556 592 Summa
578 548 712 591 huius
734 563 790 590 xx
812 562 833 590 s

368 621 483 662 Item
507 633 584 674 pro
613 619 801 673 gilberto
834 633 1013 661 menzes
1043 620 1209 661 andrea
1241 633 1421 661 menzes
1453 624 1496 661 et
1530 618 1770 661 alexandro
1803 633 1982 662 menzes
2004 622 2058 663 de
2089 630 2229 665 f01.76‘-'

249 689 405 732 croftio
442 690 667 743 quondam
706 690 868 730 andree
906 702 1086 743 murray
1122 703 1241 730 nunc
1283 689 1496 731 heredum
1534 689 1668 731 dauid
1705 704 1886 745 murray
1922 692 2057 745 quod·

250 759 428 814 quidem
451 759 640 801 croftum
665 758 771 800 olim
795 758 1046 813 pertinebat
1069 758 1189 801 dicto
1211 758 1451 802 alexandro
1475 773 1655 801 menzes
1787 774 1843 802 xx
1867 775 1888 802 s
1910 767 1953 803 et
1972 761 2056 803 hoc

1464 830 1520 871 ad
1540 829 1705 871 festum
1729 836 2016 885 pentecostes
2031 833 2056 876 †

365 899 553 940 Summa
575 897 709 940 huius
730 912 787 939 xx
810 912 830 940 5

365 970 480 1011 Item
517 969 571 1011 de
604 968 743 1010 crofto
769 969 994 1023 quondam
1027 967 1220 1011 richardi
1253 967 1402 1011 kintor
1432 983 1550 1012 nunc
1582 969 1795 1012 heredum
1828 970 2055 1013 alexandri

248 1044 456 1094 myrtoun
479 1053 558 1093 pro
579 1038 736 1081 thoma
758 1038 936 1081 erasurd
961 1045 1004 1081 et
1027 1053 1159 1082 vxore
1183 1053 1264 1082 sua
1800 1040 1874 1095 xiij
1900 1055 1921 1083 5
1943 1041 2003 1096 iiij
2028 1042 2055 1083 d

363 1110 552 1152 Summa
574 1108 707 1151 huius
729 1108 803 1164 xiij
829 1123 850 1151 5
872 1108 932 1164 iiij
958 1109 985 1152 d

365 1179 480 1221 Item
504 1193 582 1233 pro
604 1179 779 1221 roberto
802 1178 1037 1221 blinscheil
1061 1193 1139 1234 pro
1158 1178 1296 1221 missa
1329 1178 1587 1222 dominicali
1614 1180 1667 1222 de
1689 1185 1806 1222 terra
1829 1182 2054 1235 quondam

246 1245 413 1301 henricj
434 1246 546 1289 lorin
564 1261 683 1289 nunc
700 1246 853 1289 thome
869 1261 1128 1302 angussoun
1146 1247 1191 1289 in
1208 1247 1306 1290 vico
1324 1247 1507 1290 nauium
1532 1248 1785 1290 salmonum
1808 1249 2055 1303 piscatores

245 1330 297 1358 ex
320 1315 586 1358 occidentali
608 1322 733 1370 parte
756 1315 955 1358 eiusdem
1794 1331 1821 1358 x
1844 1332 1864 1359 s
1885 1317 1958 1372 viij
1984 1320 2010 1361 d
2031 1321 2052 1370 1

361 1385 476 1426 Item
500 1385 553 1426 de
570 1390 687 1427 terra
709 1398 828 1426 nune
860 1384 1039 1439 penitus
1060 1390 1190 1427 vasta
1212 1398 1290 1439 per
1311 1383 1569 1439 capellanos
1603 1385 1760 1440 Ioannj
1786 1385 2052 1430 middiltoun

244 1452 443 1496 assidata
485 1452 529 1494 in
573 1454 729 1495 eodem
760 1452 859 1495 vico
893 1453 1077 1495 Iacente
1120 1458 1186 1495 set
1229 1452 1388 1496 defecit
1430 1452 1475 1495 in
1509 1453 1730 1496 solutione
1763 1460 1805 1497 et
1838 1469 1956 1498 nunc
1988 1470 2051 1498 re-

244 1527 457 1577 cuperata
479 1535 558 1576 per
577 1527 668 1563 tres
690 1535 926 1576 processus
948 1520 1173 1576 legitimos
1942 1539 1969 1566 x
1991 1523 2049 1580 s§

358 1591 545 1633 Summa
567 1590 700 1632 huius
721 1605 778 1632 xx
800 1604 821 1632 5
841 1589 915 1645 viij
941 1590 968 1632 d
990 1596 1033 1632 et
1056 1589 1193 1631 nichil
1217 1589 1414 1632 solutum
1438 1588 1523 1631 nisi
1545 1596 1723 1633 tantum
1746 1605 1773 1633 x
1796 1606 1816 1633 s
1837 1592 1911 1647 viij
1937 1594 1963 1635 d

358 1661 473 1702 Item
497 1674 574 1714 pro
598 1659 721 1702 obitu
743 1660 884 1715 ipsius
905 1660 1067 1714 robertj
1093 1660 1146 1702 de
1168 1665 1286 1702 terra
1309 1660 1362 1702 de
1385 1661 1704 1715 petmokstoun
1727 1662 1826 1717 xxvj
1852 1677 1872 1704 5
1889 1663 1963 1718 viij
1984 1664 2010 1706 d
2031 1665 2044 1717 Η

359 1731 474 1771 Item
498 1730 551 1771 de
574 1731 798 1784 quondam
822 1729 1049 1772 alexandri
1082 1730 1278 1772 menzeis
1304 1730 1409 1772 olim
1433 1731 1652 1774 Willelmi
1675 1732 1908 1775 blinscheil
1932 1748 2049 1777 nunc

239 1799 415 1854 gilberti
438 1814 619 1842 menzes
648 1801 701 1842 de
723 1799 912 1842 officinis
935 1814 1013 1842 seu
1035 1799 1185 1843 bothis
1210 1799 1255 1841 in
1288 1800 1492 1856 opposito
1525 1801 1802 1844 officinarum
1824 1803 2048 1846 fabrorum

240 1882 293 1912 ex
314 1869 582 1912 occidentali
604 1876 729 1925 parte
750 1870 834 1925 vicj
1741 1871 1815 1927 xiij
1841 1887 1861 1914 5
1883 1872 1944 1928 iiij
1969 1875 1996 1916 d
2015 1876 2051 1923 Ἣ

357 1940 545 1983 Summa
567 1940 700 1983 huius
721 1940 764 1983 xl
788 1955 808 1983 5
830 1947 873 1983 et
896 1941 949 1983 de
975 1941 1059 1983 hoc
1089 1941 1146 1983 ad
1172 1955 1390 1996 pauperes
1412 1946 1455 1983 et
1478 1940 1765 1984 collationem
1787 1957 1843 1984 xx
1866 1957 1886 1984 5
1908 1949 1951 1985 et
1974 1943 2048 1986 alii

238 2009 396 2066 viginti
419 2010 548 2053 solidi
570 2010 687 2053 inter
708 2011 967 2066 capellanos

355 2082 472 2123 Item
495 2096 574 2136 pro
597 2081 812 2136 magistro
834 2081 991 2124 thoma
1023 2081 1254 2124 murisoun
1287 2082 1514 2136 quondam
1536 2081 1702 2124 vicario
1724 2082 1778 2124 de
1799 2088 1970 2137 premet
1993 2084 2046 2125 de

236 2157 355 2194 terra
379 2151 531 2195 Iacobi
553 2151 772 2194 collisoun
795 2151 840 2194 in
862 2152 960 2195 vico
983 2152 1175 2208 inferiorj
1201 2151 1387 2195 ecclesie
1410 2166 1544 2208 quam
1567 2151 1790 2195 inhabitat
1827 2165 1831 2167 ·
1875 2166 1930 2194 xx
1953 2167 1973 2194 5
1991 2151 2044 2176 Η

353 2222 541 2265 Summa
563 2222 697 2265 huius
718 2237 775 2264 xx
797 2237 818 2265 5

351 2293 467 2335 Item
510 2294 564 2335 de
603 2299 723 2336 terra
764 2294 990 2348 quondam
1034 2292 1186 2336 Iacobi
1227 2292 1470 2336 andirsoun
1511 2307 1631 2335 nunc
1671 2292 1818 2335 vxoris
1861 2292 2045 2334 Ioannis

234 2376 413 2418 murray
435 2363 621 2406 senioris
643 2363 688 2405 in
709 2363 808 2406 vico
837 2364 972 2406 castri
1002 2363 1324 2407 commorantis
1358 2365 1540 2406 Iacente
1562 2363 1680 2418 apud
1712 2362 1742 2405 li
1773 2362 1865 2418 fuyl
1894 2368 2045 2417 gutter

233 2432 278 2475 in
299 2433 397 2476 vico
421 2434 555 2476 castri
578 2448 656 2489 pro
679 2434 895 2489 magistro
918 2435 1090 2478 simone
1112 2434 1269 2477 doddis
1838 2432 1924 2487 xxij
1950 2447 1970 2474 5
1987 2434 2042 2478 ††

349 2504 537 2547 Summa
559 2504 692 2547 huius
714 2505 801 2560 xxij
827 2520 848 2547 5

349 2575 465 2616 Item
488 2589 567 2630 pro
588 2575 769 2617 domino
795 2575 929 2619 dauid
951 2576 1097 2619 Waus
1123 2576 1176 2618 de
1204 2581 1322 2618 terra
1355 2575 1579 2630 quondam
1613 2573 1830 2617 Iohannis
1862 2586 2041 2615 menzes

232 2658 349 2687 nunc
372 2645 526 2688 thome
549 2646 731 2688 brechin
752 2647 934 2689 Iacente
957 2646 1001 2689 in
1023 2646 1121 2690 vico
1143 2645 1328 2689 nauium
1869 2657 1925 2685 XX
1948 2657 1968 2685 S
1988 2645 2038 2695 Π

359 2735 376 2751 ³⁶
396 2735 532 2778 Patricij
550 2746 634 2778 gray
651 2736 793 2768 senioris
1163 2739 1186 2774 †
1204 2737 1306 2768 Nunc
1323 2735 1357 2767 in
1376 2734 1535 2767 manibus
1552 2733 1726 2767 alexandri
1743 2733 1910 2765 rudirfurd

361 2789 375 2829 ἶ
396 2789 497 2820 Nunc
514 2789 548 2820 in
565 2788 723 2821 manibus
739 2789 856 2822 thome
873 2789 929 2832 ph.
955 2813 962 2822 .
988 2815 996 2824 .
1024 2815 1032 2824 .
1062 2789 1188 2831 (nomen
1205 2793 1237 2820 et
1248 2799 1426 2830 cognomen
1443 2787 1552 2819 deleta
1568 2788 1660 2829 sunt)

358 2844 374 2882 ξ
394 2841 568 2873 Heredum
584 2841 700 2873 thome
717 2842 821 2883 fynne
1162 2841 1200 2859 *⁴*
1218 2840 1402 2873 Alexandri
1419 2839 1610 2872 rutherfurd

360 2894 375 2933 Η
396 2892 553 2934 Magistri
570 2892 705 2934 gilberti
721 2892 842 2926 bissett
1042 2928 1045 2932 ,
1163 2894 1201 2932 ††
1221 2893 1386 2925 Iohannis
1403 2892 1530 2924 melvin

361 2945 387 2979 ἿΙ
406 2944 585 2987 Wilhelmj
605 2944 665 2977 Iak
1164 2946 1200 2987 Η
1220 2945 1359 2978 Roberti
1374 2950 1507 2978 watson
