2524 3418
925 329 1051 371 Carta
1081 328 1234 384 mathej
1264 329 1420 370 Fechat
2018 333 2071 387 87

259 443 372 487 mair
424 444 602 488 Iuniore
653 446 820 488 andrea
862 444 1063 501 ayncroft
1111 445 1278 488 andrea
1326 444 1522 488 branche
1562 444 1719 489 thoma
1766 446 1819 489 de
1867 447 2073 490 craufurd

263 515 464 558 Iohanne
490 530 600 572 gray
622 515 838 570 magistro
869 515 1071 557 Iohanne
1098 515 1151 557 de
1178 514 1336 557 cadiou
1365 514 1540 557 notario
1568 515 1746 570 publico
1775 522 1818 558 et
1840 516 2072 559 Willelmo

261 584 515 639 atkynsoun
539 586 784 641 sergeando
807 600 908 627 cum
932 584 1087 627 multis
1109 591 1151 627 et
1175 584 1364 627 diuersis
1386 585 1487 640 alijs

494 714 593 755 Hec
635 718 702 754 est
743 726 848 754 vera
896 718 938 754 et
987 711 1240 754 indubitata
1289 711 1417 766 copia
1463 717 1583 753 carte
1625 711 1854 766 originalis
1895 712 2069 768 angusij

492 784 766 825 adamesoun
796 783 849 825 de
875 781 974 836 xxxj
1006 781 1248 824 solidorum
1281 787 1326 824 et
1358 788 1459 825 octo
1492 782 1776 825 denariorum
1809 781 2072 825 distribuen-

491 854 647 895 dorum
697 868 774 908 per
819 853 1101 907 capellanum
1148 852 1303 895 altaris
1345 852 1490 895 sancti
1542 852 1775 895 michaelis
1826 854 2071 896 secundum

489 929 690 965 tenorem
728 922 844 965 inter
881 922 1137 976 capellanos
1171 922 1293 964 chori
1331 922 1420 977 diuj
1460 921 1637 978 nicolaij
1677 923 1730 965 de
1767 922 1977 965 abirdene
2010 924 2072 965 nil

491 992 530 1034 ei
564 994 768 1036 addendo
801 998 877 1035 aut
915 992 1205 1035 diminuendo
1238 995 1355 1048 quod
1386 992 1492 1035 facti
1526 993 1833 1036 substanciam
1863 993 2072 1037 immutet

492 1069 570 1105 aut
612 1063 890 1105 intellectum
932 1062 1075 1105 variat
1128 1077 1265 1105 manu
1308 1077 1408 1105 mea
1449 1063 1640 1105 fideliter
1681 1063 1847 1118 scripta
1887 1078 1965 1118 per
2001 1079 2072 1107 me

492 1131 759 1186 magistrum
782 1131 1066 1174 Willelmum
1099 1131 1356 1186 philipsoun
1389 1131 1528 1173 sacris
1561 1131 1816 1174 auctoribus
1848 1132 1998 1187 papali
2028 1139 2071 1175 et

491 1202 711 1257 imperiali
744 1201 969 1244 notarium
997 1201 1235 1256 publicum‘
1259 1201 1468 1244 clericum
1502 1201 1811 1244 abirdonensis
1843 1202 2072 1245 dioceseos

490 1273 790 1317 collacionata
821 1279 865 1315 et
898 1272 1154 1315 auscultata
1185 1278 1229 1314 et
1261 1273 1503 1314 concordat
1536 1286 1638 1314 cum
1671 1287 1752 1314 sua
1785 1271 1989 1327 originali
2018 1275 2072 1316 de

486 1344 620 1386 verbo
662 1343 707 1385 in
742 1344 927 1385 verbum
963 1343 1079 1397 quod
1116 1348 1306 1385 attestor
1343 1342 1469 1397 signo
1506 1341 1687 1384 nomine
1724 1348 1767 1384 et
1805 1343 2070 1397 cognomine

487 1414 600 1457 meis
642 1413 786 1456 solitis
827 1420 870 1456 et
912 1412 1140 1456 consuetis
1179 1427 1372 1455 vnacum
1423 1411 1749 1467 subscriptione
1791 1413 1989 1454 manuali
2027 1419 2070 1455 et

486 1483 750 1539 cirographo
786 1497 886 1525 meo
923 1482 1027 1525 huic
1061 1482 1188 1538 copie
1225 1482 1431 1538 apposito
1469 1496 1586 1524 anno
1624 1481 1793 1524 domini
1831 1482 2070 1524 millesimo

486 1553 846 1609 quingentesimo
882 1552 1096 1596 vicesimo
1133 1559 1258 1595 sexto
1295 1552 1365 1595 die
1395 1567 1500 1595 vero
1537 1552 1706 1595 mensis
1744 1552 1861 1608 Iunij
1896 1552 2070 1596 decimo

486 1631 648 1668 octauo
672 1626 736 1668 &c

329 1349 372 1613 uqumfionqo

382 1497 416 1628 aequos
383 1428 411 1481 asa
383 1344 415 1412 οιΗ

1083 1722 1255 1764 XLIX.

916 1816 1048 1858 Carta
1077 1815 1230 1871 matlzej
1263 1814 1437 1870 Feclmz}¹

370 1913 620 1956 MNIBUS
670 1912 786 1955 hanc
835 1917 1006 1954 cartam
1057 1909 1220 1953 visuris
1264 1909 1333 1952 vel
1381 1907 1614 1952 Audituris
1666 1907 1875 1951 matheus
1925 1909 2074 1952 fechat

425 1981 661 2037 burgensis
699 1980 826 2036 burgi
861 1981 914 2023 de
949 1979 1172 2022 Abirdene
1209 1978 1401 2022 salutem
1443 1977 1488 2020 in
1531 1977 1711 2020 domino
1754 1977 2074 2033 sempiternam

262 2053 543 2096 considerato
586 2053 703 2108 quod
745 2066 901 2094 omnes
943 2049 1163 2093 stabimus
1205 2055 1310 2092 ante
1350 2048 1547 2092 tribunal
1585 2047 1753 2091 domini
1790 2048 1933 2090 nostri
1972 2050 2074 2092 Iesu

262 2122 417 2166 christi
439 2128 570 2177 prout
599 2122 644 2164 in
672 2135 855 2176 corpore
883 2119 1106 2175 gessimus
1129 2118 1224 2162 siue
1246 2120 1412 2162 bonum
1436 2118 1530 2161 siue
1555 2118 1727 2161 Malum
1749 2117 1881 2160 fuerit
1905 2119 2075 2175 Recep-

259 2193 349 2236 turi
390 2198 572 2249 propter
613 2193 730 2248 quod
771 2193 938 2235 bonum
976 2196 1043 2233 est
1081 2196 1124 2233 et
1161 2189 1400 2245 expediens
1441 2189 1559 2232 diem
1601 2195 1796 2231 extreme
1838 2188 2076 2231 messionis

263 2264 485 2319 Operibus
507 2262 810 2306 misericordie
838 2261 1072 2318 preuenire
1099 2261 1161 2304 sic
1189 2262 1306 2316 quod
1336 2260 1558 2304 seminata
1581 2259 1625 2302 in
1648 2259 1779 2302 terris
1802 2275 1903 2303 cum
1927 2260 2075 2303 multi-

261 2334 427 2390 plicato
458 2334 605 2376 fructu
637 2333 681 2375 in
714 2333 821 2376 celis
859 2332 1065 2388 colligere
1096 2331 1328 2374 valeamus
1365 2330 1595 2373 Noueritis
1627 2345 1698 2372 me
1734 2329 1960 2385 propteria
1996 2344 2075 2386 pro

261 2404 634 2460 augmentacione
667 2404 829 2448 Cultus
862 2403 999 2458 diuinj
1039 2402 1212 2445 Intuitu
1249 2401 1451 2444 caritatis
1487 2416 1567 2456 pro
1605 2400 1749 2443 salute
1780 2400 1941 2443 Anime
1978 2415 2075 2444 mee

261 2476 602 2531 animarumque
634 2482 872 2531 parentum
905 2489 1107 2517 meorum
1129 2487 1404 2528 vxorumque
1437 2487 1639 2515 mearum
1673 2478 2008 2514 antecessorum
2032 2478 2075 2514 et

263 2548 584 2590 Successorum
611 2552 867 2589 nostrorum
897 2552 940 2588 et
969 2544 1170 2587 omnium
1199 2543 1398 2586 fidelium
1428 2543 1740 2586 defunctorum
1770 2541 1815 2584 in
1842 2542 2010 2583 honore
2032 2547 2075 2584 et

260 2617 555 2660 veneracione
577 2617 645 2672 dej
671 2614 992 2671 omnipotentis
1021 2621 1064 2657 et
1093 2614 1285 2670 gloriose
1305 2612 1491 2668 virginis
1518 2612 1657 2655 marie
1686 2611 1845 2654 matris
1877 2611 2075 2653 eiusdem

262 2694 305 2730 et
330 2688 484 2743 Sanctj
510 2687 743 2731 michaelis
770 2686 1029 2742 archangeli
1056 2692 1099 2729 et
1126 2685 1327 2728 omnium
1355 2690 1614 2728 sanctorum
1639 2683 1818 2728 Ciuium
1842 2682 2075 2725 celestium

262 2757 437 2801 dedisse
460 2757 736 2800 concessisse
759 2763 801 2799 et
824 2757 909 2800 hac
936 2762 1142 2813 presente
1165 2762 1289 2798 carta
1312 2769 1412 2798 mea
1435 2755 1724 2798 confirmasse
1749 2753 1940 2808 Iohannj
1973 2753 2076 2795 coli-

262 2842 370 2870 sone
407 2827 568 2870 clerico
599 2827 690 2870 filio
727 2826 991 2870 secundario
1028 2826 1161 2869 dauid
1198 2825 1399 2868 colisoun
1436 2824 1670 2880 burgensis
1702 2823 1827 2878 burgj
1867 2824 1920 2866 de
1951 2823 2076 2866 Abir-

262 2900 406 2942 denne
443 2912 600 2941 omnes
636 2903 679 2941 et
716 2897 917 2953 singulos
953 2911 1127 2940 annuos
1170 2895 1390 2939 Redditus
1425 2901 1646 2938 terrarum
1689 2892 2074 2948 infrascriptarum

260 2968 467 3012 videlicet
497 2982 635 3012 vnum
677 2982 876 3012 annuum
921 2967 1163 3011 Redditurn
1198 2965 1355 3021 vigintj
1395 2971 1587 3021 quatuor
1628 2964 1870 3009 solidorum
1907 2963 2077 3006 vsualis

2104 1924 2161 1957 fol.
2180 1927 2219 1958 35
2231 1924 2243 1944 1

2102 1996 2258 2028 fundatio

2104 2040 2220 2072 altaris
2237 2039 2305 2083 diuj

2104 2083 2271 2116 michaelis
