2524 3418
735 320 909 362 Rentale
939 320 1122 362 obituum
1152 324 1189 362 et
1217 320 1617 363 Anniuersariorum
1995 337 2076 380 217

391 435 551 479 Obitus
586 437 809 490 quondam
849 435 1064 477 Iohannis
1103 435 1380 478 Stevvinsone
1417 436 1460 478 in
1498 437 1721 479 dominica
1758 439 1901 481 medie
1943 442 2077 493 quad-

271 504 490 559 ragesime
507 507 636 546 Anno
663 504 829 546 domini
853 504 1090 560 millesimo
1108 505 1547 560 quadringentesimo
1566 507 1906 562 Septuagesimo
1924 509 2078 563 quinto

273 574 399 616 cuius
421 573 753 616 anniuersarius
775 573 1010 616 annuatim
1034 573 1077 614 in
1101 574 1221 616 dicta
1243 574 1467 617 dominica
1489 576 1783 619 celebrabitur
1808 592 1909 619 cum
1939 578 2077 620 missa

273 645 326 686 de
349 650 454 685 nota
476 650 518 684 et
543 642 701 684 ceteris
724 643 872 684 missis
906 643 1193 696 sequentibus
1226 659 1304 697 pro
1338 644 1488 686 anima
1516 645 1656 700 ipsius
1684 646 1898 688 Iohannis
1921 654 1990 688 etc
2013 649 2076 690 Ac

271 714 584 755 celebrandum
609 712 728 754 aliud
751 712 976 766 trigintale
1000 712 1044 753 in
1067 713 1290 756 dominica
1313 714 1513 768 proxima
1536 722 1634 769 post
1659 717 1891 758 decessum
1916 731 2077 771 sponse

272 783 411 837 ipsius
436 782 650 824 Iohannis
673 796 750 836 pro
774 782 917 823 salute
941 781 1089 824 anime
1113 797 1190 824 sue
1213 789 1255 824 et
1279 783 1385 825 dicti
1414 784 1628 826 Iohannis
1660 787 1715 827 ad
1747 786 1887 827 altare
1920 786 2075 828 Sancti

273 852 455 905 Ninianj
491 866 569 906 pro
603 866 688 905 quo
723 852 1014 894 Infeodantur
1045 853 1264 907 capellanj
1290 853 1335 894 in
1357 853 1515 908 viginti
1539 855 1691 896 solidis
1714 856 1766 897 de
1789 862 1906 897 terra
1939 870 2075 910 quon-

270 924 372 964 dam
413 921 627 963 Iohannis
664 928 817 975 sprvnt
856 922 899 962 in
931 922 1029 964 vico
1060 922 1264 964 inferiore
1295 924 1481 966 ecclesie
1518 931 1566 966 ut
1603 927 1870 980 respondeat
1908 933 1977 969 etc
2016 928 2075 969 Et

268 992 388 1034 aliud
419 991 645 1045 trigintale
678 991 915 1033 missarum
949 1007 1026 1047 pro
1059 999 1222 1046 agneta
1253 994 1420 1035 branch
1453 1009 1617 1048 sponsa
1646 995 1750 1050 dictj
1785 996 2000 1038 Iohannis
2031 997 2075 1039 in

267 1060 491 1103 dominica
526 1067 627 1114 post
669 1060 972 1115 Epiphaniam
1015 1062 1181 1117 dominj
1221 1077 1298 1117 per
1333 1064 1590 1118 capellanos
1630 1066 1803 1120 collegij
1843 1068 1898 1108 ad
1935 1067 2076 1109 altare

267 1130 383 1184 beatj
418 1129 588 1183 ninianj

383 1267 543 1310 Obitus
566 1268 791 1321 quondam
815 1267 1007 1313 Walteri
1041 1269 1314 1324 auchneywe
1336 1270 1477 1324 patris
1509 1271 1732 1314 dominica
1754 1271 1798 1313 in
1821 1273 1945 1315 Albis
1974 1281 2074 1328 post

266 1339 433 1395 pascha
465 1340 594 1380 Anno
631 1339 798 1380 domini
837 1339 1075 1381 millesimo
1113 1341 1554 1395 quadringentesimo
1592 1343 1897 1397 octuagesimo
1936 1345 2074 1386 Cuius

264 1408 595 1451 anniuersarius
627 1408 860 1449 annuatim
894 1409 1190 1451 celebrabitur
1221 1410 1265 1450 in
1298 1412 1453 1452 eadem
1486 1411 1710 1453 dominica
1743 1427 1842 1453 cum
1877 1414 2073 1467 exequiis

264 1479 448 1533 placebo
478 1484 520 1519 et
554 1477 692 1531 dirige
725 1478 769 1518 in
803 1479 970 1520 Sabato
1003 1480 1256 1533 precedenti
1289 1495 1390 1521 cum
1425 1481 1562 1523 missa
1592 1483 1644 1523 de
1676 1489 1783 1524 nota
1815 1490 1997 1525 cantata
2029 1491 2072 1526 et

263 1547 478 1602 trigintali
501 1562 578 1601 per
599 1547 872 1590 ebdomitam
897 1555 1156 1602 sequentem
1180 1557 1227 1591 ut
1251 1550 1387 1591 moris
1409 1557 1477 1592 est
1500 1566 1578 1605 pro
1601 1552 1746 1593 salute
1763 1552 1910 1594 anime
1929 1568 2006 1595 sue
2029 1561 2072 1596 et

263 1619 411 1662 anime
449 1633 609 1674 sponse
643 1633 720 1660 sue
751 1634 830 1673 pro
864 1620 1131 1674 quoquidem
1169 1621 1474 1664 anniuersario
1507 1624 1562 1664 ad
1595 1622 1735 1664 altare
1771 1623 1924 1666 Sancti
1959 1625 2072 1679 petri

264 1690 497 1732 annuatim
530 1690 795 1731 celebrando
828 1690 1087 1744 capellanus
1120 1691 1261 1746 prime
1293 1692 1568 1734 fundationis
1597 1693 1795 1735 eiusdem
1830 1694 2073 1749 capellanis

264 1760 436 1815 collegij
475 1774 554 1814 pro
595 1759 753 1814 viginti
789 1774 809 1801 s
841 1761 1075 1802 annuatim
1118 1762 1403 1816 respondebit
1436 1777 1487 1804 ac
1521 1762 1718 1805 inueniet
1756 1763 1993 1806 luminaria
2029 1770 2072 1806 et

263 1836 604 1872 monumentum
647 1830 821 1872 ornabit
855 1836 897 1873 et
931 1837 1098 1874 statuet
1137 1838 1206 1874 etc
1239 1838 1282 1874 et
1316 1846 1560 1887 campanas
1601 1833 1779 1887 pulsare
1819 1834 1951 1876 faciet
1994 1849 2072 1889 pro

264 1900 423 1955 quibus
455 1899 640 1942 sacriste
672 1900 895 1954 persoluet

378 2039 539 2082 Obitus
561 2040 785 2093 quondam
808 2041 983 2083 Andree
1016 2040 1211 2083 menzeis
1243 2041 1540 2085 celebrabitur
1561 2042 1795 2085 annuatim
1829 2043 2071 2096 [dominica

262 2113 457 2153 secunda
490 2109 657 2152 mensis
689 2110 841 2165 aprilis
868 2125 969 2153 cum
1003 2111 1141 2154 missa
1173 2113 1226 2154 de
1259 2119 1366 2155 nota
1398 2119 1441 2155 et
1473 2112 1690 2167 trigintali
1723 2113 1962 2156 missarum
1995 2129 2072 2169 per

262 2181 533 2224 ebdomitam
565 2186 825 2234 sequentem
848 2187 896 2222 ut
930 2181 1067 2222 moris
1088 2188 1155 2223 est
1184 2182 1244 2223 Et
1272 2182 1420 2224 obitus
1443 2182 1537 2225 siue
1570 2182 1902 2226 anniuersarius
1934 2198 2071 2238 quon-

262 2254 364 2295 dam
406 2250 581 2306 gilberti
625 2250 821 2292 menzeis
862 2250 1002 2305 patris
1042 2251 1108 2306 suj
1153 2251 1450 2294 celebrabitur
1491 2253 1723 2295 annuatim
1761 2253 1805 2294 in
1847 2253 2071 2296 dominica

261 2325 462 2380 proxima
513 2325 623 2366 Inde
674 2329 887 2377 sequente
940 2338 1041 2365 cum
1094 2323 1233 2366 missa
1274 2325 1328 2366 de
1370 2330 1477 2366 nota
1528 2330 1711 2366 cantata
1759 2330 1802 2366 et
1853 2324 2070 2379 trigintali

263 2395 499 2437 missarum
523 2400 782 2447 sequentem
816 2408 893 2447 per
914 2393 1186 2436 ebdomitam
1210 2400 1258 2436 ut
1282 2394 1418 2436 moris
1447 2401 1514 2436 est
1537 2395 1727 2436 durante
1758 2401 1959 2449 ternpore
1980 2394 2070 2436 vite

262 2464 501 2507 Alexandri
552 2463 747 2506 menzeis
765 2463 808 2517 *]
858 2465 918 2506 Et
962 2470 1063 2518 post
1110 2465 1343 2506 decessum
1386 2464 1526 2519 ipsius
1567 2464 1808 2507 Alexandri
1850 2464 2068 2519 capellanj

262 2533 433 2588 collegij
459 2532 813 2576 anniuersarium
846 2548 925 2587 pro
947 2533 1098 2575 anima
1122 2548 1202 2575 sua
1224 2540 1267 2575 et
1300 2533 1451 2576 anima
1475 2533 1731 2577 Elizabetht
1762 2534 1886 2576 leslie
1909 2548 2071 2588 sponse

263 2618 340 2646 sue
371 2603 693 2657 animabusque
725 2603 945 2645 dictorum
978 2604 1153 2645 Andree
1185 2609 1228 2645 et
1261 2603 1436 2658 gilberti
1475 2604 1761 2646 celebrabunt
1793 2604 1969 2659 propria
2001 2604 2070 2646 die

261 2673 429 2716 mensis
464 2672 720 2715 nouembris
755 2674 812 2715 ad
849 2673 990 2716 altare
1024 2673 1179 2716 Sancti
1212 2674 1466 2729 Sebastianj
1502 2674 1699 2717 martiris
1735 2689 1837 2717 cum
1875 2674 2071 2728 exequiis

377 2817 395 2834 ⁴*
411 2817 524 2849 Verba
550 2817 636 2849 inter
668 2819 679 2858 [
701 2818 716 2858 J
743 2817 856 2850 deleta
879 2822 958 2849 sunt
980 2818 1014 2849 in
1039 2823 1134 2850 carta
1155 2823 1190 2850 et
1217 2818 1251 2849 in
1276 2819 1430 2861 margine
1453 2818 1566 2851 aliena
1587 2828 1692 2851 manu
1715 2818 1800 2850 haee
1820 2816 1924 2849 verba
1946 2816 2072 2859 scripta

259 2879 338 2906 sunt
354 2872 566 2906 2-—“Obitus
592 2873 765 2905 alexandri
788 2884 927 2906 menzes
954 2879 988 2906 et
1015 2874 1186 2907 elizabeth
1210 2875 1307 2908 leslie
1334 2886 1459 2917 sponse
1483 2886 1544 2908 sue
1567 2875 1701 2917 gilbertj
1728 2884 1867 2906 menzes
1890 2878 1923 2905 et
1947 2873 2071 2906 andree

259 2938 398 2960 menzes
414 2926 630 2959 celibrabitur
646 2928 823 2960 annuatim
840 2928 873 2959 in
891 2928 979 2961 festo
995 2928 1148 2961 omnium
1163 2934 1358 2962 sanctorum
1376 2940 1433 2971 per
1450 2929 1647 2971 capellanos
1663 2928 1798 2970 collegij
1813 2927 1902 2959 beati
1920 2927 2068 2969 nicholaj

259 2993 335 3014 cum
353 2981 495 3024 placebo
511 2987 544 3013 et
561 2981 668 3023 dirige
685 2982 718 3013 in
735 2982 853 3024 vigilia
868 2993 946 3015 cum
963 2983 1069 3015 missa
1085 2983 1126 3015 de
1144 2988 1227 3016 nota
1243 2983 1276 3015 in
1294 2983 1349 3016 die
1365 2994 1442 3016 cum
1459 2984 1631 3026 trigentali
1649 2994 1705 3025 per
1722 2982 1938 3015 ebdomidam
1953 2982 1984 3013 ''.

1142 3040 1204 3070 EE

2109 450 2231 482 Obitus
2249 451 2369 482 Iohan-

2109 494 2161 524 nis
2179 495 2309 525 Stevin-

2108 547 2193 568 soun

2106 1280 2161 1313 fol.
2184 1281 2247 1314 862

2106 1367 2229 1400 Obitus

2106 1412 2250 1443 Walteri

2105 1456 2313 1497 auchneywe

2104 1505 2209 1539 patrls

2104 2052 2226 2084 Obitus
2237 2053 2370 2086 Andree

2102 2097 2254 2128 menzeis
2264 2103 2297 2128 et
2308 2098 2368 2139 gil-

2103 2140 2187 2171 berti
2204 2142 2355 2173 menzeis

2102 2190 2135 2214 et
2153 2190 2272 2224 postea

2102 2227 2285 2258 Alexandri

2102 2271 2253 2302 menzeis
