2524 3418
567 287 786 329 Fundacio
816 287 1018 329 Duncani
1049 287 1225 329 Sclzerar
1255 287 1310 327 ad
1341 287 1471 328 altare
1503 288 1650 328 Sancti
1680 289 1796 329 Patri
2028 291 2080 344 65

273 403 348 445 vni
380 403 611 458 capellano
640 404 813 458 ydoneo
850 408 1061 457 perpetue
1094 402 1359 444 celibraturo
1390 401 1435 443 in
1468 402 1656 445 ecclesia
1690 403 1934 446 cathedrali
1972 405 2083 447 abir-

275 474 460 516 donensi
482 475 537 516 ad
561 474 700 515 altare
722 472 866 515 sancti
889 473 1064 514 Andree
1088 473 1172 514 Per
1189 473 1413 526 quondam
1437 473 1550 515 bone
1573 473 1784 515 memorie
1816 474 2082 528 Magistrum

274 543 549 586 laurencium
581 550 687 598 pyot
720 544 944 597 quondam
968 542 1334 584 archidiaconum
1367 543 1422 585 ab
1454 543 1638 598 antiquo
1667 543 1712 584 in
1745 550 1870 597 parte
1901 544 2084 586 fundate

276 615 480 656 Eandem
523 613 818 667 capellaniam
861 613 914 654 de
959 626 1076 653 nouo
1117 612 1355 665 Ampleare
1397 613 1549 654 dotare
1600 618 1860 666 agmentare
1905 613 2084 655 domino

271 684 452 726 fauente
471 682 668 737 disposui
691 688 734 724 et
757 681 960 724 ordinaui
984 696 1084 724 cum
1107 681 1238 723 terris
1255 687 1297 723 et
1313 681 1474 724 annuis
1493 682 1760 725 Redditibus
1784 683 2086 738 Infrascriptis

273 768 466 796 vnacum
505 767 726 795 consensu
763 758 806 794 et
849 766 1037 794 assensu
1080 751 1248 793 domini
1291 751 1378 793 mei
1416 752 1583 794 domini
1625 753 1845 796 Willelmi
1888 753 2083 808 episcopi

275 822 584 866 abirdonensis
606 829 648 864 et
673 821 857 876 capituli
880 822 1080 863 eiusdem
1103 828 1233 876 prout
1252 821 1296 862 in
1315 821 1454 864 literis
1476 823 1734 877 patentibus
1756 824 1892 866 michi
1910 825 1962 866 de
1983 826 2083 866 Iure

275 898 541 947 patronatus
574 893 764 946 desuper
794 891 1009 933 confectis
1041 891 1216 945 plenius
1239 891 1494 934 continetur
1526 893 1714 935 Nouerit
1748 894 1891 948 Igitur
1909 894 2084 936 Vniuer-

275 962 387 1004 sitas
407 967 558 1003 vestra
581 976 651 1003 me
684 975 786 1004 cum
810 975 1031 1003 consensu
1065 968 1107 1002 et
1131 975 1319 1003 assensu
1343 963 1611 1016 supradictis
1633 964 1782 1007 diuine
1811 965 2086 1020 contempla-

276 1031 417 1073 cionis
441 1033 624 1073 Intentu
647 1031 822 1073 dedisse
855 1030 1131 1073 concessisse
1155 1037 1197 1072 et
1222 1032 1512 1074 confirmasse
1537 1047 1587 1075 ac
1618 1040 1772 1077 tenore
1804 1036 2084 1090 presencium

276 1102 381 1143 dare
397 1102 639 1143 concedere
657 1107 699 1143 et
717 1101 801 1143 hac
821 1101 1017 1155 presenti
1034 1107 1158 1143 carta
1175 1115 1275 1143 mea
1293 1103 1349 1143 ad
1367 1109 1589 1145 mortuam
1609 1119 1793 1146 manum
1813 1107 2086 1160 Inquantum

275 1171 320 1213 in
344 1186 414 1213 me
438 1177 505 1213 est
528 1172 819 1214 confirmasse
841 1173 923 1213 deo
945 1177 988 1213 et
1018 1171 1338 1225 gloriosissime
1361 1172 1534 1228 Virginj
1561 1174 1699 1216 marie
1723 1176 1890 1218 Sancto
1922 1178 2087 1219 andree

276 1242 444 1284 Sancto
481 1242 655 1284 moloco
691 1248 734 1284 et
773 1242 940 1284 Sancto
980 1241 1121 1283 fotino
1163 1241 1370 1296 dictoque
1411 1243 1541 1285 altari
1584 1251 1627 1286 et
1665 1246 1896 1300 capellano
1939 1246 2086 1289 Inhibi

275 1327 355 1367 pro
391 1318 606 1367 perpetuo
643 1312 910 1355 celibraturo
946 1327 1025 1367 pro
1062 1312 1206 1354 salute
1239 1318 1282 1354 et
1315 1312 1552 1356 animabus
1590 1314 1740 1357 Iacobi
1783 1315 1928 1370 quarti
1969 1330 2087 1358 nunc

277 1382 415 1437 Regis
447 1389 673 1425 scotorum
708 1382 1007 1437 Illustrissimj
1043 1382 1385 1437 Reuerendique
1415 1382 1460 1424 in
1493 1383 1661 1426 christo
1692 1385 1832 1439 patris
1854 1392 1897 1428 et
1920 1385 2088 1428 domini

276 1452 446 1496 domini
481 1452 702 1496 Willelmi
745 1452 960 1508 Episcopi
997 1467 1116 1495 nunc
1153 1452 1462 1495 abirdonensis
1500 1455 1560 1496 Et
1597 1469 1676 1509 pro
1713 1454 1864 1498 anima
1900 1470 2000 1498 mea
2037 1469 2088 1498 ac

276 1530 455 1579 patrum
479 1529 521 1566 et
545 1529 739 1566 matrum
773 1538 973 1566 meorum
997 1529 1040 1566 et
1063 1522 1259 1578 priorum
1290 1524 1578 1566 fundatorum
1611 1524 1810 1568 eiusdem
1844 1525 2089 1580 capellanie

277 1600 513 1650 parentum
556 1609 865 1637 successorum
907 1600 1161 1636 nostrorum
1202 1594 1389 1636 fratrum
1428 1609 1629 1637 sororum
1671 1602 1714 1637 et
1756 1595 2087 1638 benefactorum

278 1679 478 1707 meorum
526 1665 816 1720 omniumque
857 1665 1046 1707 aliorum
1078 1664 1282 1706 viuorum
1326 1679 1378 1707 ac
1420 1665 1730 1708 defunctorum
1773 1681 1799 1708 a
1831 1681 1917 1720 quo
1958 1666 2029 1708 uel
2064 1680 2089 1707 a

277 1736 438 1791 quibus
463 1735 613 1790 aliqua
639 1737 754 1778 bona
775 1735 921 1790 recepi
953 1741 996 1777 et
1019 1734 1187 1777 eisdem
1219 1735 1275 1777 ad
1298 1735 1569 1790 condignum
1592 1750 1680 1778 non
1704 1735 1899 1779 satisfeci
1920 1735 2087 1777 Totum

277 1806 386 1848 illud
427 1812 736 1848 tenementum
779 1820 928 1848 meum
971 1805 1065 1847 siue
1106 1811 1270 1847 terram
1323 1819 1469 1848 meam
1522 1807 1576 1848 de
1621 1820 1739 1849 nouo
1785 1811 2089 1849 constructam

279 1878 509 1920 Iacentem
541 1876 586 1919 in
617 1876 909 1919 vniuersitate
946 1875 1230 1919 abirdonensi
1266 1877 1389 1919 Inter
1425 1891 1709 1919 communem
1740 1876 1860 1920 viam
1899 1875 2088 1931 Regiam

278 1962 331 1990 ex
353 1947 557 1990 orientali
584 1962 637 1990 ex
660 1961 747 1990 vna
770 1949 831 1990 Et
853 1954 995 1990 terras
1018 1948 1070 1989 de
1095 1948 1258 1989 Setone
1281 1961 1334 1989 ex
1359 1946 1624 2003 occidentalj
1649 1947 1850 2003 partibus
1873 1948 1928 1990 ab
1950 1946 2090 1989 altera

279 2019 341 2061 Et
362 2024 527 2060 terram
551 2017 754 2073 magistri
776 2018 871 2060 Ade
893 2018 1088 2073 gordone
1103 2016 1376 2072 precentoris
1399 2017 1693 2060 morauiensis
1713 2032 1869 2060 versus
1886 2022 2087 2059 austrum

278 2095 321 2131 et
355 2103 640 2131 communem
675 2088 897 2131 venellam
929 2102 1084 2130 versus
1121 2088 1301 2130 boream
1334 2088 1399 2130 Ac
1430 2102 1568 2130 vnum
1605 2102 1804 2131 annuum
1844 2085 2087 2129 Redditum

278 2159 423 2203 decim
460 2159 701 2202 solidorum
740 2160 793 2202 de
829 2165 947 2201 terra
979 2159 1155 2200 Andree
1191 2158 1408 2214 kennerty
1440 2160 1622 2201 Iacente
1653 2158 1698 2200 in
1731 2159 1886 2201 eadem
1916 2156 2089 2199 Vniuer-

279 2229 412 2273 sitate
445 2229 728 2273 abirdonensi
760 2231 884 2272 Inter
918 2235 1082 2272 terram
1122 2228 1338 2271 Iohannis
1367 2243 1484 2284 Zong
1519 2244 1572 2272 ex
1608 2228 1793 2272 australi
1830 2242 1883 2270 ex
1916 2241 2004 2270 vna
2046 2232 2089 2268 et

278 2306 443 2343 terram
480 2299 700 2344 Willelmi
736 2300 974 2343 Wilsoune
1009 2314 1062 2341 ex
1103 2299 1259 2342 boriali
1295 2299 1497 2354 partibus
1533 2300 1588 2342 ab
1624 2298 1764 2341 altera
1806 2296 2090 2340 INSUPER

279 2370 495 2414 noueritis
527 2385 599 2413 me
630 2385 709 2426 pro
742 2370 887 2414 salute
919 2376 963 2413 et
995 2369 1231 2413 animabus
1262 2369 1510 2425 prenotatis
1542 2368 1716 2412 dedisse
1739 2365 2014 2410 concessisse
2046 2371 2089 2407 et

280 2441 365 2485 hae
398 2440 594 2497 presenti
623 2447 746 2484 carta
776 2456 876 2484 mea
905 2441 1194 2484 confirmasse
1221 2439 1310 2483 Vni
1340 2439 1499 2483 queni
1529 2438 1727 2482 studenti
1759 2437 1804 2479 in
1835 2435 2005 2480 artibus
2037 2436 2090 2477 de

282 2511 499 2566 sanguine
535 2526 635 2555 meo
672 2511 709 2554 si
748 2511 995 2567 reperiatur
1034 2510 1197 2554 habilis
1243 2512 1298 2554 ad
1340 2510 1488 2553 studia
1528 2510 1757 2553 literarum
1800 2505 2089 2550 recidentiam

281 2582 561 2638 personalem
589 2582 828 2625 facientem
857 2582 902 2624 in
931 2596 1048 2625 nouo
1071 2581 1257 2636 collegio
1278 2580 1583 2624 vniuersitatis
1605 2577 1913 2623 abirdonensis
1935 2590 2090 2619 omnes

282 2659 325 2696 et
349 2652 548 2708 singulos
565 2667 738 2696 annuos
762 2653 982 2696 Redditus
1004 2651 1279 2707 subscriptos
1311 2652 1367 2694 ad
1401 2665 1625 2694 summam
1656 2649 1791 2692 trium
1813 2647 2025 2690 librarum
2048 2653 2090 2688 et

283 2722 427 2767 decim
461 2723 702 2766 solidorum
737 2725 1027 2767 extendentes
1064 2722 1297 2766 annuatim
1333 2721 1540 2765 videlicet
1571 2734 1708 2763 vnum
1741 2731 1940 2762 annuum
1975 2717 2090 2758 Red-

283 2794 427 2837 ditum
450 2793 594 2837 decim
618 2794 858 2837 solidorum
882 2795 937 2837 de
957 2800 1075 2837 terra
1098 2793 1322 2848 quondam
1343 2791 1563 2836 Willelmi
1580 2788 1886 2833 Andrissoune
1909 2788 2091 2830 Iacente

283 2865 329 2907 in
361 2866 501 2920 burgo
536 2865 590 2907 de
626 2864 834 2908 abirdene
865 2864 910 2907 in
941 2864 1040 2907 vico
1072 2863 1275 2906 inferiore
1307 2862 1494 2906 ecclesie
1525 2862 1641 2904 inter
1670 2867 1835 2903 terram
1868 2857 2092 2912 quondam

284 2934 418 2978 dauid
441 2949 682 2991 symsoune
698 2949 752 2978 ex
773 2941 900 2992 parte
922 2933 1108 2978 australi
1127 2941 1169 2977 et
1188 2940 1353 2977 terram
1372 2934 1597 2988 quondam
1620 2930 1754 2975 dauid
1771 2930 2024 2974 VVatsoune
2042 2940 2094 2970 ex

1183 3004 1198 3037 1
