2524 3418
672 333 878 378 Dimissio
910 337 1011 375 terre
1042 347 1066 374 a
1098 336 1238 374 curato
1269 335 1305 373 et
1334 330 1556 386 capellanis
1587 329 1701 372 chori
2002 343 2082 371 211

270 451 315 494 in
348 452 484 494 libero
516 451 730 506 burgagio
762 449 1091 504 imperpetuum
1124 461 1226 489 cum
1259 446 1380 488 omni
1415 447 1517 488 Iure
1550 452 1592 487 et
1627 444 1919 486 Iurisclameo
1950 444 2082 486 titulo

270 521 541 576 proprietate
576 528 618 562 et
655 519 936 575 possessione
974 532 1076 560 cum
1115 516 1274 559 debitis
1311 514 1587 570 longitudine
1625 521 1668 556 et
1705 513 1942 556 latitudine
1979 528 2080 555 cum

269 591 455 633 edificiis
492 592 680 644 desuper
717 587 986 630 constructis
1021 602 1097 629 seu
1133 585 1443 628 construendis
1478 599 1578 626 cum
1617 582 1839 638 lapidibus
1873 582 2005 637 lignis
2039 589 2081 624 et

271 661 392 702 calce
420 662 484 701 Ac
514 674 616 701 cum
649 658 856 700 omnibus
887 656 985 699 aliis
1013 664 1055 698 et
1084 655 1271 709 singulis
1303 654 1584 697 libertatibus
1616 651 2012 695 commoditatibus
2039 657 2082 693 et

270 729 531 772 asiamentis
561 743 611 770 ac
646 727 784 770 Iustis
813 726 905 769 suis
936 725 1222 781 pertinenciis
1252 724 1589 779 quibuscunque
1621 730 1716 764 tam
1746 720 2082 764 nonnominatis

270 813 403 853 quam
436 797 678 840 nominatis
712 804 806 838 tam
842 797 923 838 sub
954 802 1072 837 terra
1104 809 1237 848 quam
1271 808 1403 848 supra
1434 800 1600 836 terram
1632 799 1725 834 tam
1759 791 1912 846 procul
1947 805 2079 844 quam

269 883 404 922 prope
447 869 502 910 ad
539 866 784 921 predictam
826 872 991 907 terram
1030 879 1131 906 cum
1174 863 1454 918 pertinentiis
1492 861 1799 917 spectantibus
1836 875 1913 902 seu
1958 860 2080 902 Iuste

268 944 469 991 spectare
491 936 744 977 valentibus
767 933 1097 988 quomodolibet
1124 933 1168 974 in
1195 933 1392 974 futurum
1420 933 1530 974 adeo
1557 931 1691 973 libere
1714 931 1861 985 quiete
1883 928 2081 985 plenarie

267 1006 439 1061 integre
481 1005 722 1047 honorifice
765 1005 875 1046 bene
917 1010 959 1045 et
1002 1002 1046 1044 in
1089 1017 1197 1057 pace
1234 1002 1278 1043 in
1321 1002 1529 1044 omnibus
1570 1008 1613 1042 et
1655 1015 1732 1055 per
1773 999 1924 1042 omnia
1965 999 2079 1041 sicut

268 1076 418 1130 aliqua
439 1082 558 1117 terra
581 1074 692 1116 infra
715 1073 884 1115 dictum
907 1074 1096 1127 burgum
1119 1071 1327 1113 venditur
1348 1072 1480 1113 datur
1508 1071 1731 1112 alienatur
1754 1083 1806 1111 ac
1829 1067 2081 1124 possidetur

267 1144 362 1186 sine
383 1144 667 1186 reuocatione
696 1141 1015 1184 reclamatione
1038 1148 1115 1183 aut
1146 1139 1499 1182 contradictione
1529 1138 1713 1193 aliquali
1742 1137 1883 1180 nostri
1906 1152 2079 1180 succes-

266 1229 415 1256 sorum
450 1220 702 1255 nostrorum
738 1218 815 1254 aut
852 1211 1040 1253 aliorum
1074 1223 1440 1264 quorumcunque
1472 1209 1675 1251 faciendo
1707 1207 1809 1250 inde
1843 1206 2078 1249 annuatim

264 1283 371 1325 dicti
407 1284 597 1325 andreas
638 1288 681 1324 et
724 1280 980 1323 elizabeitht
1018 1287 1060 1322 et
1098 1294 1251 1322 eorum
1294 1280 1406 1321 alter
1442 1278 1609 1320 diutius
1645 1277 1801 1320 viuens
1837 1290 2079 1331 eorumque

264 1353 449 1394 heredes
486 1350 699 1394 antedicti
742 1365 949 1405 supremo
992 1349 1172 1392 domino
1214 1355 1366 1391 nostro
1408 1347 1500 1402 regi
1535 1354 1578 1389 et
1616 1346 1708 1389 suis
1745 1345 2078 1388 successoribus

263 1422 441 1476 regibus
467 1421 606 1463 scotie
633 1420 865 1463 seruitium
892 1419 1156 1474 burgagium
1189 1418 1291 1460 inde
1318 1417 1517 1460 debitum
1541 1423 1583 1459 et
1607 1422 1871 1458 consuetum
1904 1428 2078 1457 necnon

262 1492 487 1533 reddendo
524 1490 652 1533 nobis
693 1497 736 1532 et
774 1489 1106 1532 successoribus
1148 1488 1312 1530 nostris
1354 1487 1575 1542 prefatum
1619 1499 1818 1527 annuum
1855 1484 2078 1526 redditum

261 1561 430 1616 vigenti
471 1561 714 1602 solidorum
757 1566 936 1602 monete
973 1559 1170 1614 predicte
1207 1557 1440 1600 annuatim
1479 1557 1535 1598 ad
1571 1555 1787 1598 terminos
1829 1554 2079 1596 antedictos

264 1645 342 1686 per
378 1630 559 1684 equales
592 1629 818 1685 portiones
853 1636 1032 1671 tantum
1070 1627 1191 1670 omni
1226 1627 1312 1669 alio
1347 1625 1529 1668 seruitio
1563 1624 1753 1667 seculari
1791 1623 1966 1666 actione
2000 1637 2078 1666 seu

265 1701 487 1742 demanda
529 1714 613 1754 que
664 1701 717 1742 de
768 1698 967 1754 predicta
1013 1705 1130 1740 terra
1183 1712 1284 1739 cum
1327 1694 1609 1751 pertinentiis
1661 1693 1913 1748 aliqualiter
1963 1692 2078 1747 exigi

264 1769 426 1824 poterit
460 1775 535 1811 aut
568 1768 730 1823 requiri
763 1783 865 1810 cum
898 1768 1037 1810 libera
1072 1767 1207 1809 etiam
1239 1767 1454 1808 facultate
1487 1771 1529 1807 et
1563 1770 1786 1820 potestate
1820 1762 1948 1805 nobis
1981 1777 2077 1805 suc-

264 1838 514 1881 cessoribus
550 1838 714 1880 nostris
756 1852 940 1880 namare
982 1844 1024 1879 et
1067 1836 1330 1891 distringere
1373 1836 1561 1877 eandem
1603 1840 1770 1876 terram
1809 1832 2076 1875 anteriorem

264 1923 366 1951 cum
398 1907 679 1963 pertinentiis
711 1923 789 1962 pro
812 1906 1069 1949 huiusmodi
1091 1921 1240 1949 annuo
1272 1905 1447 1948 redditu
1477 1906 1532 1947 ad
1566 1918 1726 1946 manus
1758 1902 1960 1957 proprias
1982 1902 2077 1944 sine

264 1978 422 2032 quouis
458 1977 572 2019 Iuris
610 1977 814 2019 ministro
850 1977 990 2018 tocies
1027 1976 1206 2030 quocies
1243 1990 1355 2030 opus
1390 1974 1522 2017 fuerit
1560 1975 1752 2028 Insuper
1787 1972 1995 2014 volumus
2032 1978 2074 2013 et

264 2047 523 2090 ordinamus
546 2062 648 2089 cum
671 2061 893 2089 consensu
917 2054 959 2088 et
982 2061 1169 2088 assensu
1187 2045 1408 2087 dictorum
1432 2045 1594 2086 andree
1617 2050 1660 2086 et
1679 2041 1935 2085 elizabeitht
1959 2042 2076 2095 quod

262 2117 298 2159 si
317 2117 547 2171 contingat
570 2116 737 2159 dictam
759 2123 924 2158 terram
941 2116 1032 2158 fore
1050 2115 1198 2157 minus
1216 2114 1567 2169 distringebilem
1587 2113 1649 2155 sic
1669 2113 1785 2167 quod
1808 2111 2076 2153 solutionem

262 2186 518 2229 huiusmodi
551 2186 688 2229 annui
720 2186 920 2228 redditus
947 2185 1115 2240 vigenti
1146 2185 1389 2227 solidorum
1422 2183 1607 2225 minime
1639 2183 1802 2225 habere
1831 2180 2077 2236 poterimus

262 2271 340 2312 per
373 2263 464 2298 tres
499 2256 715 2298 terminos
757 2255 992 2310 contiguos
1029 2262 1071 2297 et
1109 2255 1346 2297 continuos
1387 2260 1494 2296 tunc
1535 2253 1706 2295 licitum
1751 2251 1833 2293 erit
1869 2250 1997 2293 nobis
2034 2256 2077 2292 et

263 2325 593 2368 successoribus
634 2325 799 2367 nostris
840 2325 1157 2380 proprietatem
1200 2331 1242 2366 et
1285 2323 1614 2379 possessionem
1661 2320 1919 2364 huiusmodi
1961 2327 2077 2362 terre

263 2410 538 2438 reassumere
561 2402 604 2437 et
633 2396 801 2437 Iterato
829 2395 1043 2437 reintrare
1070 2395 1165 2436 sine
1192 2408 1457 2448 quocunque
1486 2392 1602 2435 Iuris
1625 2406 1835 2447 processu
1858 2397 1901 2433 et
1924 2389 2075 2432 ordine

263 2479 352 2507 non
374 2464 655 2507 obstantibus
678 2465 1017 2519 quibuscunque
1039 2464 1199 2507 litteris
1217 2471 1260 2506 et
1279 2463 1516 2506 euidentiis
1534 2476 1612 2518 per
1632 2476 1714 2504 nos
1736 2462 1926 2515 desuper
1945 2459 2076 2502 factis

264 2541 341 2577 aut
384 2533 500 2576 Iuris
541 2534 938 2577 consuetudinibus
972 2534 1310 2589 quibuscunque
1352 2533 1397 2575 in
1434 2532 1708 2575 contrarium
1744 2529 1994 2573 fulminatis
2031 2535 2074 2571 et

262 2603 554 2646 fulminandis
582 2611 625 2646 et
654 2618 735 2646 nos
770 2619 874 2646 vero
905 2604 1013 2646 dicti
1046 2611 1228 2646 curatus
1262 2611 1305 2645 et
1339 2602 1558 2658 capellanj
1594 2608 1737 2644 totam
1767 2607 1810 2642 et
1845 2601 2073 2654 Integram

263 2673 430 2716 dictam
456 2679 621 2715 terram
649 2688 750 2715 cum
777 2674 1059 2729 pertinentiis
1085 2688 1164 2729 pro
1191 2673 1318 2716 nobis
1345 2680 1388 2715 et
1415 2671 1748 2714 successoribus
1774 2668 1939 2712 nostris
1968 2667 2075 2710 dicti

262 2744 425 2786 andree
443 2742 698 2785 elizabeitht
717 2749 760 2785 et
779 2758 931 2786 eorum
950 2743 1077 2786 alteri
1101 2743 1268 2786 diutius
1284 2742 1454 2785 viuenti
1472 2741 1798 2794 heredibusque
1815 2739 1931 2781 inter
1949 2739 2074 2780 Inter

263 2811 355 2866 [sic]
379 2812 500 2867 ipsos
532 2811 729 2866 legitime
758 2813 1001 2867 procreatis
1030 2828 1108 2855 seu
1138 2812 1426 2868 procreandis
1449 2811 1609 2866 quibus
1630 2810 1742 2852 forte
1768 2807 2077 2851 deficientibus

263 2883 499 2925 heredibus
525 2882 632 2924 dicti
659 2884 820 2926 andree
843 2891 886 2926 et
909 2884 1001 2926 suis
1027 2883 1269 2939 assignatis
1293 2883 1631 2937 quibuscunque
1654 2894 1732 2935 per
1757 2893 1913 2921 omnes
1934 2884 2076 2920 terras

263 2958 305 2994 et
328 2951 632 3007 possessiones
654 2959 830 2996 nostras
853 2960 1008 2996 contra
1031 2968 1186 2995 omnes
1210 2953 1422 2995 mortales
1443 2949 1824 2994 varantizabimus
1851 2946 2074 3002 acquieta-
