2524 3418
137 790 194 821 sol.
211 788 272 821 43³

131 1957 243 1990 f01.44
256 1957 269 1977 ²

439 332 518 360 110
979 321 1189 363 Fundatio
1218 323 1364 365 altaris
1398 323 1546 365 San-cti
1576 326 1692 366 Petri

435 433 664 476 exactione
688 449 764 477 seu
789 436 1009 478 demanda
1038 450 1121 489 que
1154 437 1207 478 de
1239 437 1448 490 predictis
1479 437 1641 480 annuis
1671 438 1917 482 redditibus
1939 455 2040 483 cum
2071 443 2232 497 pertin-

435 503 572 546 enciis
594 504 846 559 aliqualiter
867 504 979 559 exigi
1008 504 1167 559 poterit
1194 513 1271 547 aut
1297 506 1478 561 Requiri
1512 508 1572 549 Et
1605 508 1803 562 prefatus
1828 510 2039 552 collector
2059 511 2132 565 qui
2155 527 2233 567 pro

434 581 631 628 ternpore
654 574 782 616 fuerit
809 574 977 616 dictum
1001 574 1356 618 anniuersarium
1385 577 1527 619 soluet
1554 577 1598 619 in
1621 578 1836 632 peccunia
1868 586 2103 622 numerata
2123 586 2233 623 tem-

434 658 537 698 pore
569 643 886 686 celebracionis
918 643 1173 687 huiusmodi
1206 645 1492 700 exequiarum
1515 654 1558 689 et
1581 647 1820 690 missarum
1853 648 2098 704 capellanis
2126 649 2232 692 dicti

433 713 554 755 chori
587 713 796 767 suffragia
828 713 979 756 diuina
1004 715 1225 757 Interesse
1252 716 1580 759 celebrantibus
1610 719 1669 759 Et
1699 732 1779 773 ego
1808 732 1911 761 vero
1939 718 2084 761 dictus
2105 719 2233 761 Alex-

433 784 568 825 ander
609 784 792 825 heredes
834 783 919 826 mei
962 791 1004 826 et
1048 784 1263 840 assignatj
1308 785 1449 829 Totos
1490 793 1532 829 et
1574 787 1770 842 integros
1815 802 1989 830 annuos
2034 788 2234 831 redditus

433 860 690 906 prenotatos
731 868 832 896 curn
876 853 971 895 cuis
1012 854 1298 909 pertinenciis
1345 856 1527 911 prefatis
1575 864 1729 899 curato
1771 856 2015 913 capellanis
2056 864 2099 900 et
2141 857 2234 900 suis

431 923 761 966 successoribus
798 923 841 964 in
878 924 1086 967 omnibus
1119 931 1161 967 et
1198 940 1275 980 per
1303 926 1454 969 omnia
1481 933 1528 969 vt
1565 928 1832 982 premissum
1868 934 1934 970 est
1968 941 2046 982 per
2077 941 2233 970 omnes

429 998 569 1035 terras
605 1007 656 1035 ac
698 993 1003 1047 possessiones
1045 1009 1168 1037 meas
1210 1003 1364 1038 contra
1405 1011 1561 1039 omnes
1602 998 1814 1040 mortales
1853 997 2233 1040 varantizabimus

429 1061 783 1115 acquietabimus
815 1070 858 1105 et
892 1064 1228 1119 Imperpetuum
1265 1066 1553 1109 defendemus
1588 1069 1640 1110 In
1673 1067 1799 1110 cuius
1830 1067 1890 1122 rej
1924 1066 2231 1109 testimonium

428 1131 530 1173 huic
572 1132 766 1186 presenti
807 1140 928 1175 carte
966 1149 1063 1176 mee
1105 1134 1299 1190 sigillum
1337 1151 1486 1178 meum
1524 1143 1566 1179 et
1609 1137 1804 1192 sigillum
1845 1137 2117 1180 honorabilis
2151 1137 2232 1179 viri

427 1201 600 1244 Thome
633 1202 755 1245 leslie
786 1203 916 1245 vnius
947 1204 1212 1247 balliuorum
1240 1205 1344 1261 dictj
1380 1207 1505 1262 burgj
1540 1221 1591 1250 ac
1620 1207 1788 1250 datoris
1809 1206 1957 1250 sasine
1978 1206 2232 1250 huiusmodi

427 1285 676 1314 annuorum
705 1273 957 1316 reddituum
984 1282 1086 1317 sunt
1117 1290 1314 1330 appensa
1345 1278 1462 1332 apud
1493 1279 1723 1320 Aberdene
1749 1278 1944 1320 secundo
1969 1276 2038 1319 die
2065 1276 2232 1319 mensis

429 1341 536 1396 Maij
560 1344 689 1385 Anno
721 1343 887 1386 domini
920 1344 1157 1388 millesimo
1180 1346 1537 1401 quingentesimo
1560 1349 1691 1390 Nono
1715 1349 1876 1392 Coram
1899 1346 2232 1390 honorabilibus

427 1419 469 1453 et
509 1412 693 1455 famosis
729 1413 833 1456 viris
877 1414 1077 1457 Iohanne
1115 1416 1304 1459 Cullane
1346 1417 1480 1460 dauid
1518 1419 1790 1461 Rutherfurd
1826 1419 2002 1461 Andrea
2037 1418 2231 1473 gordone

428 1482 629 1525 Iohanne
657 1483 804 1526 fechat
837 1485 1036 1527 Iohanne
1058 1500 1192 1540 grene
1214 1486 1391 1529 Thoma
1423 1488 1517 1530 Pile
1546 1489 1839 1543 burgensibus
1868 1495 1910 1530 et
1940 1487 2097 1530 incolis
2124 1486 2230 1530 dicti

425 1552 550 1606 burgj
603 1552 782 1596 domino
833 1556 1007 1597 roberto
1060 1556 1346 1599 Pathousone
1398 1559 1631 1612 capellano
1678 1559 1909 1602 Willelmo
1961 1557 2232 1612 scrimgeour

428 1624 671 1676 sergeando
704 1625 764 1666 Et
796 1625 975 1668 domino
1010 1626 1210 1668 Iohanne
1243 1627 1487 1683 Stirueling
1519 1629 1705 1671 Notario
1739 1628 1922 1671 Publico

1001 1720 1026 1760 I
1028 1734 1055 1760 n
1076 1720 1199 1761 Folio
1220 1733 1275 1774 44
1289 1720 1304 1745 ¹
1324 1721 1433 1763 nilzil
1452 1722 1646 1764 scribitur

1254 1861 1406 1902 LXII.

986 1952 1027 1994 F
1029 1953 1199 1996 undatio
1219 1955 1366 1998 altaris
1388 1955 1535 1998 Sancti
1554 1956 1671 1998 Petri

539 2044 786 2088 MNIBUS
827 2046 943 2090 hanc
985 2049 1169 2091 Cartam
1212 2056 1367 2093 sancte
1409 2050 1566 2093 matris
1607 2049 1793 2094 ecclesie
1828 2048 1931 2091 filiis
1964 2047 2126 2091 visuris
2158 2047 2228 2090 vel

592 2115 809 2158 audituris
854 2116 1057 2160 Thomas
1105 2119 1295 2162 blinseill
1343 2120 1578 2176 burgensis
1623 2122 1677 2163 de
1724 2119 1906 2164 abirden
1950 2118 2141 2161 salutem
2182 2116 2227 2158 in

425 2182 604 2226 domino
645 2185 963 2241 sempiternam
1002 2189 1229 2232 Noueritis
1270 2204 1341 2233 me
1373 2190 1418 2233 in
1450 2197 1741 2246 augmentum
1782 2190 1930 2233 cultus
1969 2187 2106 2242 diuinj
2149 2201 2228 2242 pro

425 2252 569 2296 salute
601 2255 748 2297 anime
781 2271 878 2299 mee
911 2259 1098 2301 Necnon
1131 2259 1382 2303 animarum
1416 2263 1641 2316 quondam
1673 2260 1862 2303 mariore
1893 2265 1936 2301 et
1969 2256 2227 2300 Elizabetht

424 2322 662 2377 coniugum
689 2340 889 2369 mearum
915 2335 1249 2373 antecessorum
1272 2337 1315 2373 et
1339 2346 1646 2374 successorum
1667 2338 1919 2373 nostrorum
1941 2330 2004 2371 Ac
2027 2326 2226 2370 omnium

423 2392 619 2435 fidelium
649 2396 956 2440 defunctorum
994 2414 1096 2442 curn
1133 2415 1354 2443 consensu
1391 2408 1434 2444 et
1471 2416 1658 2445 assensu
1692 2399 1917 2444 alexandri
1953 2405 1996 2441 et
2029 2395 2226 2440 willelmi

422 2462 613 2505 filiorum
665 2472 707 2507 et
758 2467 970 2511 heredum
1022 2484 1221 2513 meorum
1268 2486 1321 2513 ex
1363 2479 1548 2527 Vtroque
1589 2470 1874 2514 matrimonio
1915 2468 2088 2512 dedisse
2124 2481 2226 2510 con-

422 2532 609 2576 cessisse
645 2541 688 2577 et
724 2538 918 2590 presenti
955 2546 1079 2583 carta
1115 2556 1216 2584 mea
1252 2542 1541 2585 confirmasse
1574 2540 1868 2597 omnipotenti
1900 2541 1981 2583 deo
2017 2545 2061 2581 et
2097 2539 2226 2581 beate

422 2600 560 2642 marie
610 2602 783 2658 Virgini
834 2606 964 2649 beato
1014 2614 1139 2662 petro
1181 2611 1484 2664 apostolorum
1518 2610 1703 2665 principi
1738 2616 1780 2652 et
1814 2608 2021 2652 omnibus
2057 2606 2225 2650 sanctis

422 2668 607 2711 Necnon
648 2671 721 2726 vnj
756 2674 988 2728 capellano
1019 2677 1192 2731 ydoneo
1224 2677 1376 2721 diuina
1409 2678 1650 2721 celebranti
1685 2684 1727 2720 et
1761 2692 1838 2733 pro
1869 2682 2082 2732 perpetuo
2113 2675 2224 2718 cele-

421 2738 600 2782 braturo
625 2742 692 2784 Ad
725 2743 865 2786 altare
897 2745 1015 2788 beati
1041 2747 1154 2801 petri
1186 2748 1429 2803 supradicti
1451 2748 1670 2791 cituatum
1693 2748 1738 2790 in
1760 2747 1949 2790 ecclesia
1979 2744 2220 2802 parochialj

420 2806 536 2850 beati
568 2809 777 2867 nicholaij
812 2814 938 2869 burgi
971 2817 1024 2858 de
1057 2817 1238 2860 abirden
1270 2819 1423 2861 decem
1457 2833 1632 2861 marcas
1662 2818 1830 2861 vsualis
1866 2815 2059 2872 monete}
2080 2815 2224 2858 scocie

419 2874 634 2920 leuandas
665 2881 897 2924 annuatim
931 2890 974 2925 et
1007 2886 1395 2939 proportionaliter
1430 2888 1485 2929 ad
1517 2888 1628 2929 duos
1659 2887 1764 2929 anni
1796 2886 2010 2928 terminos
2045 2883 2223 2927 vsuales

419 2944 732 2996 penthecostes
756 2949 961 2992 videlicet
994 2960 1035 2994 et
1069 2953 1213 2995 sancti
1236 2954 1415 3009 martinj
1451 2954 1495 2996 in
1526 2969 1657 3010 yame
1688 2970 1765 3010 per
1796 2954 1976 3010 equales
1997 2952 2223 3009 portiones
