2524 3418
799 300 944 342 Obitus
975 300 1170 355 magistri
1202 301 1349 355 robertj
1378 300 1532 342 sclzaud
1987 317 2068 358 209

259 418 449 474 prietate
472 417 801 471 imperpetuum
826 416 940 458 Cum
969 415 1088 469 omnj
1117 416 1217 457 Iure
1241 422 1283 457 et
1309 416 1424 458 Iuris
1447 416 1620 458 clameo
1645 416 1776 459 titulo
1803 419 2072 472 proprietate

260 495 302 530 et
321 487 602 543 possessione
620 487 684 527 Ac
702 500 804 528 cum
823 484 1030 526 omnibus
1049 484 1149 539 alijs
1172 492 1214 526 et
1238 485 1426 539 singulis
1448 485 1728 528 libertatibus
1746 488 2072 529 commoditati-

260 559 342 600 bus
365 564 406 599 et
431 554 692 599 asiamentis
715 570 766 597 ac
792 554 929 596 Iustis
959 554 1051 595 suis
1074 554 1356 609 pertinentijs
1379 555 1716 609 quibuscunque
1742 557 1797 598 ad
1824 557 2072 611 predictum

260 641 459 670 annuum
501 625 723 668 redditum
767 639 868 666 cum
911 623 1193 678 pertinentijs
1235 624 1542 678 spectantibus
1585 639 1662 667 seu
1706 627 1830 667 Iuste
1871 633 2073 681 spectare

258 696 512 739 valentibus
541 693 871 748 quomodolibet
901 693 946 734 in
974 693 1172 735 futurum
1195 694 1317 735 Adeo
1348 693 1482 736 libere
1505 694 1651 748 quiete
1678 695 1874 750 plenarie
1903 695 2073 750 integre

259 765 501 808 honorifice
530 765 641 807 bene
671 770 713 805 et
743 763 787 804 in
817 777 925 817 pace
955 762 999 804 in
1029 763 1235 805 omnibus
1268 769 1310 805 et
1340 778 1417 818 per
1446 764 1596 806 omnia
1625 764 1739 806 sicut
1769 764 1902 820 aliquj
1935 766 2070 820 annuj

260 835 458 878 redditus
492 835 545 876 de
578 833 801 887 aliquibus
834 832 963 874 terris
997 832 1110 874 infra
1144 832 1312 874 dictum
1349 834 1538 887 burgum
1573 835 1736 876 dantur
1770 836 2074 877 conceduntur

260 911 337 948 aut
360 903 645 959 possidentur
662 902 756 944 sine
774 901 1059 944 reuocatione
1082 902 1401 944 reclamatione
1420 909 1496 944 aut
1515 903 1867 946 contradictione
1890 904 2071 959 aliqualj

261 974 347 1028 mej
373 974 585 1015 heredum
611 986 811 1014 meorum
836 971 1166 1025 assignatorum
1187 986 1264 1013 seu
1284 971 1471 1013 aliorum
1491 987 1856 1027 quorumcunque
1880 975 2074 1030 Quamo-

260 1045 382 1088 brem
410 1042 516 1085 dicti
544 1048 726 1085 curatus
753 1048 796 1083 et
824 1041 1042 1096 capellanj
1069 1047 1111 1082 et
1135 1041 1201 1095 suj
1228 1056 1510 1084 successores
1537 1042 1812 1086 celibrabunt
1839 1044 2073 1087 annuatim

259 1127 394 1156 vnam
418 1111 602 1154 missam
629 1110 794 1166 requiej
821 1112 874 1154 de
901 1117 1008 1154 nota
1030 1110 1075 1152 in
1100 1110 1288 1154 Cantico
1317 1111 1579 1166 gregoriano
1602 1112 1793 1168 septimo
1816 1113 1885 1156 die
1908 1113 2075 1156 mensis

261 1182 414 1237 marcij
438 1196 578 1236 Vsque
607 1182 662 1223 ad
692 1180 808 1223 diem
839 1179 987 1222 obitus
1016 1179 1103 1222 mei
1127 1187 1169 1222 et
1197 1186 1297 1236 post
1327 1180 1498 1223 obitum
1528 1196 1678 1225 meum
1707 1181 1752 1224 in
1781 1182 1860 1225 tali
1890 1182 1959 1225 die
1988 1198 2074 1237 quo

260 1251 546 1306 migrauerim
570 1251 624 1293 de
646 1250 730 1292 hoc
754 1250 904 1292 seculo
923 1251 978 1292 ad
997 1249 1138 1292 altare
1160 1250 1288 1292 beate
1312 1264 1427 1293 anne
1450 1251 1728 1294 antedictum
1751 1267 1853 1294 cum
1877 1252 2075 1307 exequijs

260 1320 371 1364 meis
403 1319 693 1375 solempniter
725 1334 846 1361 more
879 1319 1010 1361 solito
1043 1334 1144 1362 cum
1178 1319 1364 1375 placebo
1401 1327 1444 1362 et
1477 1320 1615 1375 dirige
1648 1327 1778 1363 nocte
1810 1323 2075 1376 precedente

259 1389 454 1433 cantatis
497 1396 540 1431 et
583 1389 742 1431 ceteris
784 1388 934 1431 missis
976 1403 1053 1443 per
1094 1389 1293 1443 singulos
1346 1389 1602 1444 capellanos
1643 1405 1721 1445 per
1761 1391 2073 1434 hebdomidem

262 1459 530 1503 Immediate
556 1466 816 1513 sequentem
839 1465 885 1501 vt
909 1458 1045 1500 moris
1071 1465 1138 1500 est
1167 1459 1226 1500 Et
1255 1459 1466 1501 collector
1492 1459 1713 1502 dictorum
1741 1461 2074 1515 capellanorum

260 1530 334 1585 quj
359 1544 437 1585 pro
458 1535 661 1583 tempore
677 1528 809 1571 fuerit
827 1528 1062 1571 distribuet
1080 1528 1327 1583 predictam
1346 1543 1570 1571 summam
1588 1536 1635 1571 vt
1654 1530 1854 1584 sequitur
1869 1531 2074 1575 videlicet

258 1598 497 1653 vnicuique
541 1599 774 1653 capellano
816 1598 1011 1655 presenti
1053 1604 1095 1640 et
1139 1598 1372 1641 celibranti
1426 1598 1649 1641 sexdecim
1702 1600 1907 1643 denarios
1960 1603 2074 1645 Item

261 1668 446 1711 sacriste
468 1683 546 1723 pro
569 1668 822 1723 pulsatione
849 1682 1170 1723 campanarum
1198 1667 1316 1711 trina
1337 1668 1433 1711 vice
1457 1669 1512 1711 ad
1535 1668 1746 1725 exequias
1773 1676 1815 1712 et
1842 1670 1960 1714 trina
1981 1671 2077 1713 vice

261 1739 316 1782 ad
334 1738 519 1780 missam
538 1744 729 1792 quatuor
751 1738 894 1781 decim
913 1738 1118 1781 denarios
1138 1739 1253 1780 Item
1272 1738 1450 1793 preconj
1472 1739 1528 1781 ad
1546 1738 1911 1783 circumeundam
1933 1747 2076 1783 totam

259 1809 412 1851 vrbem
439 1822 541 1850 cum
572 1822 792 1863 campana
825 1808 1022 1862 manualj
1057 1814 1099 1850 et
1131 1807 1235 1850 viua
1263 1823 1370 1850 voce
1403 1808 1602 1851 eiusdem
1632 1808 1911 1852 incitandum
1941 1825 2077 1866 popu-

262 1877 354 1921 lum
387 1878 442 1920 ad
475 1878 692 1920 orandum
726 1892 805 1932 pro
839 1877 990 1920 anima
1026 1892 1126 1920 mea
1164 1878 1276 1920 duos
1313 1877 1518 1920 denarios
1557 1879 1672 1921 Item
1711 1879 1842 1922 certis
1876 1880 2078 1935 personis

261 1947 467 2002 inopibus
491 1953 533 1989 et
552 1947 800 1989 scolasticis
823 1947 1125 2002 indigentibus
1148 1947 1429 2003 presentibus
1451 1947 1496 1990 in
1520 1948 1658 1991 missa
1680 1955 1723 1992 et
1746 1949 1943 2006 exequijs
1966 1951 2078 1994 meis

261 2024 304 2060 et
337 2017 568 2061 orantibus
600 2032 678 2072 pro
711 2017 862 2060 anima
895 2032 995 2060 mea
1027 2032 1105 2072 per
1137 2017 1451 2060 discretionem
1485 2018 1736 2062 collectoris
1769 2021 1880 2062 duos
1912 2020 2077 2064 solidos

263 2089 379 2130 Item
409 2087 555 2129 dictus
588 2087 799 2129 collector
830 2086 1000 2142 sibiipsi
1034 2087 1224 2143 accipiet
1254 2102 1332 2142 pro
1365 2102 1466 2131 cera
1495 2094 1538 2131 et
1567 2103 1646 2144 pro
1675 2088 1896 2132 locatione
1925 2090 2077 2134 tabule

261 2158 470 2200 decenter
491 2163 534 2199 et
557 2156 744 2199 honeste
768 2164 975 2212 cooperte
998 2172 1131 2212 super
1153 2164 1496 2200 monumentum
1519 2173 1670 2201 meum
1694 2159 1805 2201 duos
1827 2159 1992 2202 solidos
2016 2161 2076 2204 Et

261 2227 343 2270 hec
377 2226 527 2269 omnia
559 2226 824 2282 perimplere
855 2227 1020 2269 facient
1058 2227 1165 2270 dicti
1199 2228 1417 2282 capellanj
1454 2234 1497 2270 et
1530 2228 1596 2283 suj
1632 2243 1914 2272 successores
1946 2236 2076 2285 prout

262 2311 412 2339 coram
436 2311 613 2339 summo
636 2296 781 2339 iudice
804 2296 849 2338 in
872 2297 942 2339 die
965 2297 1149 2352 extremj
1181 2297 1339 2352 Iudicij
1365 2299 1632 2352 respondere
1653 2298 1875 2341 voluerint
1897 2305 2075 2343 tantum

262 2380 341 2423 pro
359 2366 478 2421 omnj
501 2365 586 2408 alio
605 2380 737 2408 onere
756 2366 938 2409 seruitio
961 2367 1151 2409 seculari
1170 2374 1246 2409 aut
1266 2367 1484 2423 spiritualj
1510 2367 1741 2410 exactione
1760 2383 1837 2411 seu
1855 2370 2076 2413 demanda

263 2449 348 2490 que
385 2436 437 2477 de
474 2437 527 2478 de
563 2435 762 2491 predicto
804 2451 953 2479 annuo
994 2437 1168 2480 redditu
1206 2452 1308 2479 cum
1346 2437 1628 2493 pertinentijs
1669 2438 1922 2494 aliqualiter
1962 2439 2076 2495 exigi

264 2504 456 2560 poterint
493 2511 570 2548 aut
606 2505 769 2561 requiri
805 2507 866 2549 Et
901 2521 983 2561 ego
1016 2521 1119 2549 vero
1155 2507 1380 2562 predictus
1417 2507 1632 2563 magister
1666 2508 1869 2552 robertus
1905 2509 2076 2554 schand

263 2574 448 2615 heredes
478 2574 563 2629 mej
595 2581 638 2617 et
668 2575 883 2631 assignatj
915 2582 1060 2619 totum
1092 2583 1134 2619 et
1164 2576 1387 2631 integrum
1421 2577 1590 2621 dictum
1623 2592 1822 2621 annuum
1854 2579 2075 2622 redditum

262 2643 420 2698 viginti
462 2657 539 2685 sex
580 2643 822 2688 solidorum
860 2652 903 2688 et
940 2652 1040 2689 octo
1078 2646 1361 2689 denariorum
1404 2661 1507 2689 cum
1543 2646 1830 2703 pertinenciis
1866 2648 2076 2704 predictis

263 2719 417 2756 curato
451 2719 494 2755 et
527 2714 770 2768 capellanis
802 2721 845 2757 et
873 2730 1027 2758 eorum
1061 2715 1393 2758 successoribus
1425 2716 1470 2759 in
1503 2717 1710 2761 omnibus
1742 2723 1784 2760 et
1817 2732 1895 2774 per
1925 2718 2076 2762 omnia

261 2783 402 2825 forma
427 2782 592 2837 pariter
617 2789 659 2825 et
686 2784 845 2827 effectu
867 2792 913 2828 vt
940 2786 1209 2841 premissum
1232 2793 1299 2828 est
1322 2792 1477 2829 contra
1503 2801 1659 2830 omnes
1685 2787 1897 2830 mortales
1917 2802 2076 2830 varan-

261 2853 500 2895 tizabimus
532 2853 887 2907 acquietabimus
915 2862 958 2898 et
987 2856 1317 2911 imperpetuum
1350 2857 1639 2900 defendemus
1667 2857 1874 2900 omnibus
1902 2858 2003 2900 dolo
2032 2865 2074 2900 et

261 2922 414 2965 fraude
450 2923 636 2966 seclusis
670 2924 723 2965 In
756 2924 895 2967 Cuius
926 2925 989 2968 rei
1020 2926 1329 2968 testimonium
1364 2927 1480 2969 hanc
1513 2933 1766 2982 presentem
1799 2927 2074 2972 fundationis

1143 2996 1209 3028 DD

2104 705 2163 738 fol.
2177 706 2219 738 82
2229 705 2241 723 -'
