2524 3418
164 2568 221 2601 sol.
241 2569 279 2601 35
290 2567 303 2588 ²

463 345 516 386 88
1123 345 1247 388 Carta
1281 347 1431 401 mathcj
1462 347 1611 388 Fcclmt

464 466 640 502 monete
683 460 826 503 scocie
868 466 1101 502 exeuntem
1144 467 1186 502 et
1229 461 1468 503 leuandum
1517 460 1748 503 annuatim
1791 461 1844 503 de
1886 466 2004 503 terra
2050 460 2262 504 heredum

463 532 685 585 quondam
709 530 882 585 galfridj
908 532 1067 572 burnat
1092 532 1272 573 Iacente
1295 530 1339 572 in
1360 531 1458 573 vico
1481 533 1534 574 de
1562 538 1757 586 gastraw
1778 545 1831 573 ex
1853 537 1978 586 parte
2000 531 2263 588 occidentalj

463 599 659 642 eiusdem
693 600 776 654 vicj
811 600 926 641 inter
956 607 1118 643 terram
1152 602 1327 643 Andree
1359 601 1534 644 cullane
1563 616 1615 643 ex
1644 601 1827 656 australj
1863 607 1988 656 parte
2020 615 2073 643 ex
2102 615 2190 644 vna
2223 607 2266 644 et

463 679 626 713 terram
662 670 876 712 Iohannis
910 671 1092 725 Robertj
1127 685 1179 712 ex
1211 672 1375 714 boreali
1409 680 1533 727 parte
1565 687 1617 714 ex
1649 673 1788 714 altera
1818 673 1877 714 Et
1899 685 2035 714 vnum
2068 686 2266 714 annuum

466 741 706 783 Redditum
745 746 844 781 octo
880 740 1120 783 solidorum
1159 742 1212 784 de
1248 747 1366 784 terra
1399 743 1573 785 Andree
1611 743 1833 797 chapman
1872 742 2054 784 Iacente
2089 741 2134 784 in
2168 741 2267 785 vico

464 810 688 864 superiore
720 808 905 851 ecclesie
937 824 1073 864 prope
1105 816 1347 853 torrentem
1382 812 1622 867 molendinj
1657 812 1761 867 dictj
1796 812 1921 867 burgj
1956 811 2071 854 inter
2101 817 2266 854 terram

464 881 636 921 Andree
673 879 926 933 chapmann
965 894 1017 921 ex
1054 880 1318 936 occidentalj
1362 888 1486 937 parte
1528 897 1581 924 ex
1620 897 1708 925 vna
1749 888 1791 924 et
1832 888 1996 924 terram
2039 881 2264 937 alexandrj

464 949 706 1004 howysoun
729 963 885 990 versus
908 948 1053 1014 oriens
1084 951 1198 992 Item
1229 965 1428 993 annuum
1460 951 1702 994 Redditum
1726 966 1802 994 sex
1824 951 2065 994 solidorum
2095 957 2137 993 et
2167 957 2268 993 octo

465 1018 747 1060 denariorum
771 1019 823 1060 de
846 1017 934 1060 alia
956 1024 1075 1061 terra
1097 1019 1237 1074 ipsius
1262 1021 1437 1062 Andree
1460 1021 1682 1076 chapman
1711 1020 1755 1062 in
1784 1021 1938 1063 eodem
1964 1020 2062 1063 vico
2086 1021 2267 1063 Iacente

463 1088 577 1130 inter
609 1094 773 1130 terram
807 1087 911 1142 dictj
947 1089 1120 1131 Andree
1151 1103 1308 1132 versus
1339 1090 1486 1132 oriens
1517 1097 1559 1133 et
1592 1097 1755 1134 terram
1788 1090 2004 1133 Iohannis
2035 1089 2267 1132 michaelis

463 1173 617 1200 versus
655 1157 861 1200 occidens
899 1158 1014 1199 Item
1051 1172 1188 1200 vnum
1218 1173 1416 1202 annuum
1448 1160 1689 1202 Redditum
1724 1166 1913 1215 quatuor
1941 1159 2180 1202 solidorum
2214 1160 2267 1202 de

462 1236 581 1271 terra
612 1228 819 1270 interiore
849 1228 1062 1270 heredum
1096 1217 1323 1284 quondam
1352 1231 1589 1286 Alexandrj
1625 1246 1726 1273 sues
1758 1232 1975 1273 defiexare
2009 1232 2190 1274 Iacente
2222 1230 2267 1272 in

462 1298 558 1340 vico
599 1298 820 1340 furcarum
859 1312 911 1339 ex
947 1298 1211 1353 occidentalj
1255 1306 1381 1354 parte
1418 1300 1620 1356 ‚eiusdem
1657 1300 1740 1355 vicj
1785 1301 1899 1343 inter
1933 1307 2097 1343 terram
2134 1299 2268 1343 dauid

463 1367 702 1411 Colisoune
743 1382 796 1409 ex
836 1367 1001 1422 borealj
1045 1375 1171 1423 parte
1223 1370 1283 1411 Et
1324 1376 1491 1412 terram
1532 1370 1744 1413 heredum
1790 1369 2008 1413 Willelmi
2059 1369 2265 1425 stephanj

460 1451 615 1478 versus
656 1443 856 1478 austrum
899 1443 1064 1479 terram
1105 1437 1324 1480 Willelmi
1369 1439 1481 1481 moir
1519 1454 1674 1482 versus
1715 1440 1921 1482 occidens
1969 1441 2084 1482 Item
2129 1453 2266 1482 vnum

462 1520 660 1548 annuum
686 1505 928 1548 Redditum
958 1513 1149 1560 quatuor
1181 1507 1424 1551 solidorum
1447 1510 1500 1552 de
1522 1515 1640 1553 terra
1671 1510 1883 1552 heredum
1917 1508 2133 1552 Iohannis
2158 1523 2268 1564 eope

464 1577 646 1618 Iacente
682 1575 726 1617 in
763 1575 882 1618 dicto
914 1575 1012 1618 vico
1048 1576 1271 1620 furcarum
1309 1578 1425 1621 inter
1456 1585 1622 1622 terram
1654 1580 1807 1622 thome
1835 1579 1983 1623 litstar
2013 1594 2066 1622 ex
2101 1578 2268 1623 boreali

463 1654 589 1701 parte
611 1660 664 1688 ex
684 1660 771 1689 vna
793 1652 836 1688 et
859 1652 1024 1689 terram
1048 1647 1260 1690 heredum
1286 1649 1501 1692 Iohannis
1529 1651 1583 1692 de
1611 1665 1709 1692 mar
1729 1665 1782 1692 ex
1803 1656 1928 1706 parte
1953 1650 2094 1694 altera
2113 1664 2269 1693 versus

464 1723 667 1758 austrum
702 1717 816 1758 Item
848 1730 985 1758 vnum
1018 1731 1217 1760 annuum
1244 1719 1466 1763 redditum
1493 1726 1594 1762 octo
1626 1719 1869 1763 solidorum
1893 1721 1946 1763 de
1967 1726 2085 1763 terra
2118 1719 2267 1763 Dauid

464 1786 646 1841 Robertj
674 1787 855 1829 Iacente
877 1786 922 1829 in
944 1787 1063 1830 dicto
1084 1787 1182 1830 vico
1203 1788 1426 1831 furcarum
1450 1804 1502 1832 ex
1523 1790 1789 1834 occidentali
1811 1797 1936 1846 parte
1957 1789 2156 1833 eiusdem
2181 1788 2266 1844 vicj

464 1858 579 1900 inter
609 1864 773 1900 terram
800 1858 1015 1900 Iohannis
1043 1859 1233 1915 gillespy
1254 1874 1307 1902 ex
1329 1860 1514 1903 australi
1543 1867 1669 1916 parte
1701 1862 1761 1903 Et
1790 1867 1956 1903 terram
1978 1861 2071 1903 Ade
2093 1861 2268 1903 Andree

463 1942 617 1970 versus
649 1929 828 1970 boream
868 1929 983 1970 Item
1020 1943 1156 1971 vnum
1194 1943 1391 1972 annuum
1430 1930 1651 1973 redditum
1685 1930 1912 1973 trisdecim
1950 1929 2192 1972 solidorum
2224 1933 2268 1971 et

465 2005 654 2053 quatuor
682 1998 965 2041 denariorum
998 2001 1051 2042 de
1082 2006 1200 2042 terra
1233 2015 1332 2043 mea
1364 2001 1541 2056 propria
1572 2001 1617 2043 in
1650 2016 1737 2056 qua
1770 2001 1978 2044 Inhabito
2011 2002 2194 2043 Iacente
2221 1999 2267 2042 in

465 2068 583 2111 dicto
609 2068 706 2110 vico
738 2069 961 2110 furcarum
993 2069 1109 2111 inter
1140 2076 1305 2113 terram
1339 2071 1443 2125 dictj
1468 2072 1562 2114 Ade
1583 2073 1758 2114 Andree
1785 2086 1941 2113 versus
1971 2076 2174 2113 austrum
2207 2070 2268 2112 Et

463 2146 626 2180 terram
659 2139 833 2180 Andree
866 2153 1046 2194 murray
1069 2154 1224 2182 versus
1253 2141 1431 2183 boream
1468 2143 1582 2183 Item
1612 2157 1810 2184 annuum
1841 2140 2083 2183 Redditum
2107 2139 2264 2194 vigintj

464 2208 704 2250 solidorum
728 2210 780 2250 de
803 2209 891 2251 alia
908 2216 1027 2252 terra
1050 2225 1149 2253 mea
1174 2212 1355 2253 Iacente
1370 2211 1414 2252 in
1433 2211 1550 2271 dicto
1565 2212 1662 2254 vico
1683 2212 1905 2254 furcarum
1928 2225 1981 2252 ex
2002 2209 2266 2252 occidentali

462 2285 588 2333 parte
629 2278 826 2320 eiusdem
863 2279 978 2321 inter
1013 2286 1178 2322 terram
1210 2282 1385 2323 Andree
1421 2281 1514 2336 galt
1547 2296 1599 2323 ex
1631 2281 1815 2324 australi
1851 2286 1977 2335 parte
2010 2281 2070 2321 Et
2101 2284 2265 2321 terram

463 2348 678 2390 Iohannis
710 2348 902 2403 hugonis
933 2349 1154 2392 carnificis
1185 2365 1238 2392 ex
1266 2356 1391 2405 parte
1419 2351 1584 2406 borealj
1617 2353 1732 2393 Item
1757 2364 1894 2392 vnum
1923 2363 2120 2391 annuum
2152 2348 2267 2390 Red-

462 2418 604 2460 ditum
639 2418 871 2460 duodecim
901 2420 1143 2462 solidorum
1174 2422 1227 2463 de
1255 2428 1373 2463 terra
1401 2421 1506 2476 dictj
1544 2420 1758 2464 Iohannis
1790 2419 1981 2475 hugonis
2011 2421 2191 2461 Iacente
2221 2417 2266 2459 in

463 2488 582 2531 dicto
613 2488 710 2530 vico
740 2488 966 2531 furcarum
999 2489 1115 2532 inter
1146 2497 1311 2534 terram
1344 2505 1491 2533 meam
1524 2491 1747 2546 propriam
1778 2505 1932 2532 versus
1966 2495 2167 2532 austrum
2206 2490 2266 2530 Et

462 2565 628 2601 terram
650 2559 868 2601 willelmi
901 2559 1073 2615 phillipj
1103 2575 1258 2604 versus
1290 2563 1468 2604 boream
1504 2563 1619 2604 Item
1650 2575 1787 2603 vnum
1816 2574 2014 2603 annuum
2043 2558 2264 2602 redditum

462 2629 515 2670 de
548 2628 667 2670 dicta
698 2635 815 2670 terra
837 2629 1055 2671 willelmi
1087 2631 1273 2686 philippi
1303 2631 1536 2674 duodecim
1569 2631 1811 2674 solidorum
1834 2630 1878 2673 in
1901 2630 2019 2673 dicto
2050 2629 2148 2672 vico
2178 2629 2264 2671 fur-

462 2712 614 2740 carum
644 2697 760 2739 inter
786 2704 950 2740 terram
975 2699 1079 2754 dictj
1107 2701 1322 2743 Iohannis
1343 2701 1534 2756 hugonis
1563 2701 1783 2743 carnificis
1803 2716 1958 2743 versus
1979 2706 2180 2742 austrum
2204 2700 2265 2741 Et

461 2774 624 2809 terram
653 2768 871 2810 Willelmi
907 2770 1087 2824 Robertj
1123 2785 1277 2813 versus
1313 2772 1492 2813 boream
1526 2772 1641 2813 Item
1674 2772 1726 2813 de
1758 2777 1875 2813 terra
1907 2769 2012 2824 dictj
2045 2767 2264 2813 Willelmi

464 2837 644 2892 Robertj
672 2838 852 2879 Iacente
879 2838 923 2880 in
950 2839 1068 2882 dicto
1100 2840 1198 2883 vico
1228 2841 1451 2884 furcarum
1483 2856 1619 2883 vnum
1652 2855 1850 2884 annuum
1884 2840 2126 2884 Redditum
2159 2840 2264 2882 duo-

461 2906 603 2949 decim
623 2907 863 2949 solidorum
882 2908 997 2950 inter
1014 2915 1177 2953 terram
1192 2911 1411 2954 Willelmi
1429 2911 1632 2966 phillippi
1649 2926 1803 2954 versus
1819 2917 2020 2954 austrum
2042 2915 2085 2952 et
2110 2923 2262 2952 oreum

463 2990 610 3018 meum
642 2976 868 3032 proprium
900 2993 1053 3022 versus
1090 2981 1268 3024 boream
1308 2982 1422 3023 Item
1454 2995 1589 3024 vnum
1624 2995 1822 3024 annuum
1855 2980 2075 3025 redditum
2108 2980 2261 3023 decem
