<?xml version="1.0" encoding="UTF-8"?>
<!DOCTYPE html PUBLIC "-//W3C//DTD XHTML 1.0 Transitional//EN"
    "http://www.w3.org/TR/xhtml1/DTD/xhtml1-transitional.dtd">
<html xmlns="http://www.w3.org/1999/xhtml" xml:lang="en" lang="en">
 <head>
  <title>
</title>
<meta http-equiv="Content-Type" content="text/html;charset=utf-8" />
  <meta name='ocr-system' content='tesseract 3.04.00' />
  <meta name='ocr-capabilities' content='ocr_page ocr_carea ocr_par ocr_line ocrx_word'/>
</head>
<body>
  <div class='ocr_page' id='page_1' title='image "./cartulariumeccle01sainuoft_0210.png"; bbox 0 0 2524 3418; ppageno 0'>
   <div class='ocr_carea' id='block_1_1' title="bbox 156 1903 292 1938">
    <p class='ocr_par' dir='ltr' id='par_1_1' title="bbox 156 1903 292 1938">
     <span class='ocr_line' id='line_1_1' title="bbox 156 1903 292 1938; baseline 0.015 -4"><span class='ocrx_word' id='word_1_1' title='bbox 156 1903 212 1935; x_wconf 87' lang='lat' dir='ltr'><strong>sol.</strong></span> <span class='ocrx_word' id='word_1_2' title='bbox 229 1905 292 1938; x_wconf 71' lang='lat'><strong>71²</strong></span> 
     </span>
    </p>
   </div>
   <div class='ocr_carea' id='block_1_2' title="bbox 465 310 1720 368">
    <p class='ocr_par' dir='ltr' id='par_1_2' title="bbox 465 310 1720 368">
     <span class='ocr_line' id='line_1_2' title="bbox 465 310 1720 368; baseline 0.002 -17"><span class='ocrx_word' id='word_1_3' title='bbox 465 311 544 363; x_wconf 81' lang='grc'><strong>178</strong></span> <span class='ocrx_word' id='word_1_4' title='bbox 1006 311 1134 353; x_wconf 80' lang='lat' dir='ltr'><strong>Carta</strong></span> <span class='ocrx_word' id='word_1_5' title='bbox 1167 310 1326 352; x_wconf 81' lang='lat' dir='ltr'><strong>domini</strong></span> <span class='ocrx_word' id='word_1_6' title='bbox 1356 311 1530 353; x_wconf 80' lang='lat' dir='ltr'><em>villelmi</em></span> <span class='ocrx_word' id='word_1_7' title='bbox 1559 317 1720 368; x_wconf 75' lang='lat' dir='ltr'><strong>cowjmr</strong></span> 
     </span>
    </p>
   </div>
   <div class='ocr_carea' id='block_1_3' title="bbox 446 426 2256 2980">
    <p class='ocr_par' dir='ltr' id='par_1_3' title="bbox 446 426 2256 2980">
     <span class='ocr_line' id='line_1_3' title="bbox 462 426 2254 486; baseline 0.004 -20"><span class='ocrx_word' id='word_1_8' title='bbox 462 426 585 467; x_wconf 85' lang='lat' dir='ltr'><strong>Inter</strong></span> <span class='ocrx_word' id='word_1_9' title='bbox 606 433 768 467; x_wconf 86' lang='lat' dir='ltr'><strong>terram</strong></span> <span class='ocrx_word' id='word_1_10' title='bbox 793 427 1013 480; x_wconf 90' lang='lat' dir='ltr'><strong>quondam</strong></span> <span class='ocrx_word' id='word_1_11' title='bbox 1047 427 1207 467; x_wconf 85' lang='lat' dir='ltr'><strong>andree</strong></span> <span class='ocrx_word' id='word_1_12' title='bbox 1241 426 1399 467; x_wconf 90' lang='lat' dir='ltr'><strong>burnat</strong></span> <span class='ocrx_word' id='word_1_13' title='bbox 1423 440 1475 467; x_wconf 83' lang='lat' dir='ltr'><strong>ex</strong></span> <span class='ocrx_word' id='word_1_14' title='bbox 1504 427 1688 468; x_wconf 84' lang='lat' dir='ltr'><strong>australi</strong></span> <span class='ocrx_word' id='word_1_15' title='bbox 1712 441 1764 468; x_wconf 86' lang='lat' dir='ltr'><strong>ex</strong></span> <span class='ocrx_word' id='word_1_16' title='bbox 1785 442 1871 470; x_wconf 89' lang='lat' dir='ltr'><strong>vna</strong></span> <span class='ocrx_word' id='word_1_17' title='bbox 1893 435 2056 471; x_wconf 90' lang='lat' dir='ltr'><strong>terram</strong></span> <span class='ocrx_word' id='word_1_18' title='bbox 2089 431 2254 486; x_wconf 89' lang='lat' dir='ltr'>georgii</span> 
     </span>
     <span class='ocr_line' id='line_1_4' title="bbox 460 494 2255 551; baseline 0.003 -15"><span class='ocrx_word' id='word_1_19' title='bbox 460 495 648 536; x_wconf 88' lang='lat' dir='ltr'><strong>barbour</strong></span> <span class='ocrx_word' id='word_1_20' title='bbox 679 510 730 536; x_wconf 80' lang='lat' dir='ltr'><strong>ex</strong></span> <span class='ocrx_word' id='word_1_21' title='bbox 764 495 925 536; x_wconf 86' lang='lat' dir='ltr'><strong>boreali</strong></span> <span class='ocrx_word' id='word_1_22' title='bbox 960 494 1158 548; x_wconf 88' lang='lat' dir='ltr'><strong>partibus</strong></span> <span class='ocrx_word' id='word_1_23' title='bbox 1191 495 1244 535; x_wconf 93' lang='lat' dir='ltr'><strong>ab</strong></span> <span class='ocrx_word' id='word_1_24' title='bbox 1277 495 1416 536; x_wconf 87' lang='lat' dir='ltr'><strong>altera</strong></span> <span class='ocrx_word' id='word_1_25' title='bbox 1449 509 1731 537; x_wconf 88' lang='lat' dir='ltr'><strong>communem</strong></span> <span class='ocrx_word' id='word_1_26' title='bbox 1761 496 1878 538; x_wconf 88' lang='lat' dir='ltr'><strong>viam</strong></span> <span class='ocrx_word' id='word_1_27' title='bbox 1912 497 2078 551; x_wconf 87' lang='lat' dir='ltr'><strong>regiam</strong></span> <span class='ocrx_word' id='word_1_28' title='bbox 2101 513 2255 542; x_wconf 89' lang='lat' dir='ltr'><strong>versus</strong></span> 
     </span>
     <span class='ocr_line' id='line_1_5' title="bbox 459 564 2254 616; baseline 0.003 -11"><span class='ocrx_word' id='word_1_29' title='bbox 459 564 665 605; x_wconf 89' lang='lat' dir='ltr'><strong>occidens</strong></span> <span class='ocrx_word' id='word_1_30' title='bbox 702 573 743 605; x_wconf 89' lang='lat' dir='ltr'><strong>et</strong></span> <span class='ocrx_word' id='word_1_31' title='bbox 787 573 949 605; x_wconf 85' lang='lat' dir='ltr'><strong>terram</strong></span> <span class='ocrx_word' id='word_1_32' title='bbox 989 565 1211 616; x_wconf 89' lang='lat' dir='ltr'><strong>quondam</strong></span> <span class='ocrx_word' id='word_1_33' title='bbox 1255 564 1388 605; x_wconf 90' lang='lat' dir='ltr'><strong>dauid</strong></span> <span class='ocrx_word' id='word_1_34' title='bbox 1431 572 1548 606; x_wconf 89' lang='lat' dir='ltr'><strong>arrot</strong></span> <span class='ocrx_word' id='word_1_35' title='bbox 1585 580 1739 607; x_wconf 91' lang='lat' dir='ltr'><strong>versus</strong></span> <span class='ocrx_word' id='word_1_36' title='bbox 1780 566 1925 608; x_wconf 90' lang='lat' dir='ltr'><strong>oriens</strong></span> <span class='ocrx_word' id='word_1_37' title='bbox 1968 568 2082 609; x_wconf 88' lang='lat' dir='ltr'><strong>Item</strong></span> <span class='ocrx_word' id='word_1_38' title='bbox 2119 583 2254 611; x_wconf 89' lang='lat' dir='ltr'><strong>vnum</strong></span> 
     </span>
     <span class='ocr_line' id='line_1_6' title="bbox 459 632 2256 686; baseline 0.003 -11"><span class='ocrx_word' id='word_1_39' title='bbox 459 648 655 676; x_wconf 86' lang='lat' dir='ltr'><strong>annuum</strong></span> <span class='ocrx_word' id='word_1_40' title='bbox 690 634 907 674; x_wconf 86' lang='lat' dir='ltr'><strong>redditum</strong></span> <span class='ocrx_word' id='word_1_41' title='bbox 933 632 1267 686; x_wconf 87' lang='lat' dir='ltr'><strong>quatuordecim</strong></span> <span class='ocrx_word' id='word_1_42' title='bbox 1292 633 1532 676; x_wconf 87' lang='lat' dir='ltr'><strong>solidorum</strong></span> <span class='ocrx_word' id='word_1_43' title='bbox 1557 636 1609 676; x_wconf 91' lang='lat' dir='ltr'><strong>de</strong></span> <span class='ocrx_word' id='word_1_44' title='bbox 1631 649 1718 677; x_wconf 91' lang='lat' dir='ltr'><strong>vna</strong></span> <span class='ocrx_word' id='word_1_45' title='bbox 1739 642 1857 678; x_wconf 89' lang='lat' dir='ltr'><strong>terra</strong></span> <span class='ocrx_word' id='word_1_46' title='bbox 1891 637 2070 679; x_wconf 90' lang='lat' dir='ltr'><strong>Iacente</strong></span> <span class='ocrx_word' id='word_1_47' title='bbox 2093 637 2137 679; x_wconf 89' lang='lat' dir='ltr'><strong>in</strong></span> <span class='ocrx_word' id='word_1_48' title='bbox 2158 638 2256 681; x_wconf 90' lang='lat' dir='ltr'><strong>vico</strong></span> 
     </span>
     <span class='ocr_line' id='line_1_7' title="bbox 457 701 2254 757; baseline 0.004 -15"><span class='ocrx_word' id='word_1_49' title='bbox 457 702 592 743; x_wconf 84' lang='lat' dir='ltr'><strong>veridi</strong></span> <span class='ocrx_word' id='word_1_50' title='bbox 623 702 727 744; x_wconf 87' lang='lat' dir='ltr'><strong>dicti</strong></span> <span class='ocrx_word' id='word_1_51' title='bbox 758 702 881 755; x_wconf 83' lang='lat' dir='ltr'>burgi</span> <span class='ocrx_word' id='word_1_52' title='bbox 912 701 1026 743; x_wconf 89' lang='lat' dir='ltr'><strong>inter</strong></span> <span class='ocrx_word' id='word_1_53' title='bbox 1057 709 1218 742; x_wconf 87' lang='lat' dir='ltr'><strong>terram</strong></span> <span class='ocrx_word' id='word_1_54' title='bbox 1246 702 1441 743; x_wconf 87' lang='lat' dir='ltr'><strong>willelmi</strong></span> <span class='ocrx_word' id='word_1_55' title='bbox 1475 710 1710 757; x_wconf 88' lang='lat' dir='ltr'><strong>patersone</strong></span> <span class='ocrx_word' id='word_1_56' title='bbox 1736 719 1787 745; x_wconf 85' lang='lat' dir='ltr'><strong>ex</strong></span> <span class='ocrx_word' id='word_1_57' title='bbox 1817 705 1981 747; x_wconf 89' lang='lat' dir='ltr'><strong>boreali</strong></span> <span class='ocrx_word' id='word_1_58' title='bbox 2014 720 2066 747; x_wconf 87' lang='lat' dir='ltr'><strong>ex</strong></span> <span class='ocrx_word' id='word_1_59' title='bbox 2096 721 2184 749; x_wconf 89' lang='lat' dir='ltr'><strong>vna</strong></span> <span class='ocrx_word' id='word_1_60' title='bbox 2211 714 2254 750; x_wconf 87' lang='lat' dir='ltr'><strong>et</strong></span> 
     </span>
     <span class='ocr_line' id='line_1_8' title="bbox 457 769 2255 828; baseline 0.004 -18"><span class='ocrx_word' id='word_1_61' title='bbox 457 776 675 811; x_wconf 85' lang='lat' dir='ltr'><strong>torrentes</strong></span> <span class='ocrx_word' id='word_1_62' title='bbox 711 769 816 811; x_wconf 86' lang='lat' dir='ltr'><strong>dicti</strong></span> <span class='ocrx_word' id='word_1_63' title='bbox 859 769 983 823; x_wconf 88' lang='lat' dir='ltr'><strong>burgi</strong></span> <span class='ocrx_word' id='word_1_64' title='bbox 1021 783 1072 810; x_wconf 79' lang='lat' dir='ltr'><strong>ex</strong></span> <span class='ocrx_word' id='word_1_65' title='bbox 1109 769 1293 811; x_wconf 82' lang='lat' dir='ltr'><strong>australi</strong></span> <span class='ocrx_word' id='word_1_66' title='bbox 1331 770 1534 812; x_wconf 89' lang='lat' dir='ltr'><strong>orientali</strong></span> <span class='ocrx_word' id='word_1_67' title='bbox 1571 786 1623 812; x_wconf 88' lang='lat' dir='ltr'><strong>ex</strong></span> <span class='ocrx_word' id='word_1_68' title='bbox 1661 772 1924 815; x_wconf 90' lang='lat' dir='ltr'><strong>occidentali</strong></span> <span class='ocrx_word' id='word_1_69' title='bbox 1967 774 2167 828; x_wconf 89' lang='lat' dir='ltr'><strong>partibus</strong></span> <span class='ocrx_word' id='word_1_70' title='bbox 2200 777 2255 819; x_wconf 90' lang='lat' dir='ltr'><strong>ab</strong></span> 
     </span>
     <span class='ocr_line' id='line_1_9' title="bbox 455 838 2254 888; baseline 0.004 -9"><span class='ocrx_word' id='word_1_71' title='bbox 455 840 594 880; x_wconf 89' lang='lat' dir='ltr'><strong>altera</strong></span> <span class='ocrx_word' id='word_1_72' title='bbox 627 840 740 880; x_wconf 89' lang='lat' dir='ltr'><strong>Item</strong></span> <span class='ocrx_word' id='word_1_73' title='bbox 763 853 898 880; x_wconf 88' lang='lat' dir='ltr'><strong>vnum</strong></span> <span class='ocrx_word' id='word_1_74' title='bbox 932 853 1129 880; x_wconf 89' lang='lat' dir='ltr'><strong>annuum</strong></span> <span class='ocrx_word' id='word_1_75' title='bbox 1153 838 1373 881; x_wconf 85' lang='lat' dir='ltr'><strong>redditum</strong></span> <span class='ocrx_word' id='word_1_76' title='bbox 1398 854 1473 881; x_wconf 87' lang='lat' dir='ltr'><strong>sex</strong></span> <span class='ocrx_word' id='word_1_77' title='bbox 1495 840 1736 883; x_wconf 90' lang='lat' dir='ltr'><strong>solidorum</strong></span> <span class='ocrx_word' id='word_1_78' title='bbox 1769 848 1811 884; x_wconf 91' lang='lat' dir='ltr'><strong>et</strong></span> <span class='ocrx_word' id='word_1_79' title='bbox 1841 849 1941 885; x_wconf 91' lang='lat' dir='ltr'><strong>octo</strong></span> <span class='ocrx_word' id='word_1_80' title='bbox 1973 844 2254 888; x_wconf 89' lang='lat' dir='ltr'><strong>denariorum</strong></span> 
     </span>
     <span class='ocr_line' id='line_1_10' title="bbox 456 909 2256 967; baseline 0.004 -17"><span class='ocrx_word' id='word_1_81' title='bbox 456 911 507 951; x_wconf 93' lang='lat' dir='ltr'><strong>de</strong></span> <span class='ocrx_word' id='word_1_82' title='bbox 530 917 646 951; x_wconf 91' lang='lat' dir='ltr'><strong>terra</strong></span> <span class='ocrx_word' id='word_1_83' title='bbox 669 910 819 951; x_wconf 88' lang='lat' dir='ltr'><strong>thome</strong></span> <span class='ocrx_word' id='word_1_84' title='bbox 843 909 1061 963; x_wconf 89' lang='lat' dir='ltr'><strong>campbell</strong></span> <span class='ocrx_word' id='word_1_85' title='bbox 1088 910 1268 950; x_wconf 90' lang='lat' dir='ltr'><strong>Iacente</strong></span> <span class='ocrx_word' id='word_1_86' title='bbox 1292 909 1335 950; x_wconf 91' lang='lat' dir='ltr'><strong>in</strong></span> <span class='ocrx_word' id='word_1_87' title='bbox 1359 909 1477 952; x_wconf 91' lang='lat' dir='ltr'><strong>dicto</strong></span> <span class='ocrx_word' id='word_1_88' title='bbox 1495 910 1592 953; x_wconf 92' lang='lat' dir='ltr'><strong>vico</strong></span> <span class='ocrx_word' id='word_1_89' title='bbox 1613 911 1749 966; x_wconf 91' lang='lat' dir='ltr'><strong>veridj</strong></span> <span class='ocrx_word' id='word_1_90' title='bbox 1770 914 1887 966; x_wconf 92' lang='lat' dir='ltr'><strong>apud</strong></span> <span class='ocrx_word' id='word_1_91' title='bbox 1910 914 2066 967; x_wconf 89' lang='lat' dir='ltr'><strong>pedem</strong></span> <span class='ocrx_word' id='word_1_92' title='bbox 2090 915 2256 958; x_wconf 91' lang='lat' dir='ltr'><strong>montis</strong></span> 
     </span>
     <span class='ocr_line' id='line_1_11' title="bbox 455 978 2254 1033; baseline 0.003 -13"><span class='ocrx_word' id='word_1_93' title='bbox 455 979 554 1021; x_wconf 90' lang='lat' dir='ltr'><strong>diue</strong></span> <span class='ocrx_word' id='word_1_94' title='bbox 588 978 818 1021; x_wconf 85' lang='lat' dir='ltr'><strong>katherine</strong></span> <span class='ocrx_word' id='word_1_95' title='bbox 851 979 965 1020; x_wconf 91' lang='lat' dir='ltr'><strong>inter</strong></span> <span class='ocrx_word' id='word_1_96' title='bbox 996 986 1160 1020; x_wconf 89' lang='lat' dir='ltr'><strong>terram</strong></span> <span class='ocrx_word' id='word_1_97' title='bbox 1185 980 1407 1033; x_wconf 87' lang='lat' dir='ltr'><strong>quondam</strong></span> <span class='ocrx_word' id='word_1_98' title='bbox 1442 981 1592 1022; x_wconf 90' lang='lat' dir='ltr'><strong>Iacobi</strong></span> <span class='ocrx_word' id='word_1_99' title='bbox 1626 981 1787 1023; x_wconf 90' lang='lat' dir='ltr'><strong>knollis</strong></span> <span class='ocrx_word' id='word_1_100' title='bbox 1809 996 1861 1023; x_wconf 84' lang='lat' dir='ltr'><strong>ex</strong></span> <span class='ocrx_word' id='word_1_101' title='bbox 1887 983 2072 1025; x_wconf 87' lang='lat' dir='ltr'><strong>australi</strong></span> <span class='ocrx_word' id='word_1_102' title='bbox 2094 998 2147 1025; x_wconf 87' lang='lat' dir='ltr'><strong>ex</strong></span> <span class='ocrx_word' id='word_1_103' title='bbox 2167 998 2254 1027; x_wconf 92' lang='lat' dir='ltr'><strong>vna</strong></span> 
     </span>
     <span class='ocr_line' id='line_1_12' title="bbox 454 1048 2253 1104; baseline 0.003 -15"><span class='ocrx_word' id='word_1_104' title='bbox 454 1056 616 1090; x_wconf 87' lang='lat' dir='ltr'><strong>terram</strong></span> <span class='ocrx_word' id='word_1_105' title='bbox 641 1050 862 1102; x_wconf 90' lang='lat' dir='ltr'><strong>quondam</strong></span> <span class='ocrx_word' id='word_1_106' title='bbox 895 1048 1056 1090; x_wconf 89' lang='lat' dir='ltr'><strong>roberti</strong></span> <span class='ocrx_word' id='word_1_107' title='bbox 1090 1049 1308 1103; x_wconf 90' lang='lat' dir='ltr'><strong>kynnerty</strong></span> <span class='ocrx_word' id='word_1_108' title='bbox 1334 1063 1386 1090; x_wconf 84' lang='lat' dir='ltr'><strong>ex</strong></span> <span class='ocrx_word' id='word_1_109' title='bbox 1418 1050 1582 1091; x_wconf 88' lang='lat' dir='ltr'><strong>boreali</strong></span> <span class='ocrx_word' id='word_1_110' title='bbox 1615 1050 1815 1104; x_wconf 91' lang='lat' dir='ltr'><strong>partibus</strong></span> <span class='ocrx_word' id='word_1_111' title='bbox 1847 1052 1901 1093; x_wconf 93' lang='lat' dir='ltr'><strong>ab</strong></span> <span class='ocrx_word' id='word_1_112' title='bbox 1933 1052 2076 1094; x_wconf 89' lang='lat' dir='ltr'><strong>altera</strong></span> <span class='ocrx_word' id='word_1_113' title='bbox 2107 1059 2253 1095; x_wconf 86' lang='lat' dir='ltr'><strong>ortum</strong></span> 
     </span>
     <span class='ocr_line' id='line_1_13' title="bbox 453 1118 2252 1173; baseline 0.002 -13"><span class='ocrx_word' id='word_1_114' title='bbox 453 1118 679 1161; x_wconf 83' lang='lat' dir='ltr'><strong>alexandri</strong></span> <span class='ocrx_word' id='word_1_115' title='bbox 721 1119 865 1160; x_wconf 83' lang='lat' dir='ltr'><strong>sorbes</strong></span> <span class='ocrx_word' id='word_1_116' title='bbox 905 1120 958 1160; x_wconf 91' lang='lat' dir='ltr'><strong>de</strong></span> <span class='ocrx_word' id='word_1_117' title='bbox 1011 1119 1302 1173; x_wconf 87' lang='lat' dir='ltr'><strong>kyndrymme</strong></span> <span class='ocrx_word' id='word_1_118' title='bbox 1343 1133 1496 1161; x_wconf 91' lang='lat' dir='ltr'><strong>versus</strong></span> <span class='ocrx_word' id='word_1_119' title='bbox 1538 1120 1683 1162; x_wconf 88' lang='lat' dir='ltr'><strong>oriens</strong></span> <span class='ocrx_word' id='word_1_120' title='bbox 1724 1127 1766 1162; x_wconf 89' lang='lat' dir='ltr'><strong>et</strong></span> <span class='ocrx_word' id='word_1_121' title='bbox 1809 1135 2092 1163; x_wconf 88' lang='lat' dir='ltr'><strong>communem</strong></span> <span class='ocrx_word' id='word_1_122' title='bbox 2133 1121 2252 1164; x_wconf 89' lang='lat' dir='ltr'><strong>viam</strong></span> 
     </span>
     <span class='ocr_line' id='line_1_14' title="bbox 453 1187 2252 1243; baseline 0.002 -13"><span class='ocrx_word' id='word_1_123' title='bbox 453 1189 620 1243; x_wconf 91' lang='lat' dir='ltr'><strong>regiam</strong></span> <span class='ocrx_word' id='word_1_124' title='bbox 642 1203 796 1230; x_wconf 87' lang='lat' dir='ltr'><strong>versus</strong></span> <span class='ocrx_word' id='word_1_125' title='bbox 818 1188 1024 1230; x_wconf 91' lang='lat' dir='ltr'><strong>occidens</strong></span> <span class='ocrx_word' id='word_1_126' title='bbox 1046 1187 1214 1229; x_wconf 90' lang='lat' dir='ltr'><strong>vsualis</strong></span> <span class='ocrx_word' id='word_1_127' title='bbox 1237 1195 1413 1230; x_wconf 83' lang='lat' dir='ltr'><strong>monete</strong></span> <span class='ocrx_word' id='word_1_128' title='bbox 1439 1188 1561 1243; x_wconf 90' lang='lat' dir='ltr'><strong>regni</strong></span> <span class='ocrx_word' id='word_1_129' title='bbox 1595 1189 1738 1231; x_wconf 89' lang='lat' dir='ltr'><strong>scocie</strong></span> <span class='ocrx_word' id='word_1_130' title='bbox 1761 1189 1993 1232; x_wconf 87' lang='lat' dir='ltr'><strong>annuatim</strong></span> <span class='ocrx_word' id='word_1_131' title='bbox 2017 1197 2252 1233; x_wconf 87' lang='lat' dir='ltr'><strong>exeuntem</strong></span> 
     </span>
     <span class='ocr_line' id='line_1_15' title="bbox 453 1257 2252 1313; baseline 0.002 -13"><span class='ocrx_word' id='word_1_132' title='bbox 453 1266 495 1300; x_wconf 89' lang='lat' dir='ltr'><strong>et</strong></span> <span class='ocrx_word' id='word_1_133' title='bbox 530 1258 769 1299; x_wconf 91' lang='lat' dir='ltr'><strong>leuandum</strong></span> <span class='ocrx_word' id='word_1_134' title='bbox 805 1259 860 1300; x_wconf 92' lang='lat' dir='ltr'><strong>ad</strong></span> <span class='ocrx_word' id='word_1_135' title='bbox 895 1259 1005 1299; x_wconf 93' lang='lat' dir='ltr'><strong>duos</strong></span> <span class='ocrx_word' id='word_1_136' title='bbox 1039 1257 1143 1299; x_wconf 92' lang='lat' dir='ltr'><strong>anni</strong></span> <span class='ocrx_word' id='word_1_137' title='bbox 1176 1257 1391 1299; x_wconf 88' lang='lat' dir='ltr'><strong>terminos</strong></span> <span class='ocrx_word' id='word_1_138' title='bbox 1421 1258 1600 1300; x_wconf 90' lang='lat' dir='ltr'><strong>vsuales</strong></span> <span class='ocrx_word' id='word_1_139' title='bbox 1632 1259 1945 1313; x_wconf 90' lang='lat' dir='ltr'><strong>penthecostes</strong></span> <span class='ocrx_word' id='word_1_140' title='bbox 1972 1259 2177 1302; x_wconf 91' lang='lat' dir='ltr'><strong>videlicet</strong></span> <span class='ocrx_word' id='word_1_141' title='bbox 2210 1267 2252 1303; x_wconf 90' lang='lat' dir='ltr'><strong>et</strong></span> 
     </span>
     <span class='ocr_line' id='line_1_16' title="bbox 453 1327 2251 1383; baseline 0.002 -14"><span class='ocrx_word' id='word_1_142' title='bbox 453 1327 595 1370; x_wconf 88' lang='lat' dir='ltr'><strong>sancti</strong></span> <span class='ocrx_word' id='word_1_143' title='bbox 630 1327 808 1369; x_wconf 90' lang='lat' dir='ltr'><strong>martini</strong></span> <span class='ocrx_word' id='word_1_144' title='bbox 841 1327 885 1368; x_wconf 92' lang='lat' dir='ltr'><strong>in</strong></span> <span class='ocrx_word' id='word_1_145' title='bbox 914 1328 1072 1382; x_wconf 87' lang='lat' dir='ltr'><strong>hyeme</strong></span> <span class='ocrx_word' id='word_1_146' title='bbox 1096 1341 1172 1382; x_wconf 92' lang='lat' dir='ltr'><strong>per</strong></span> <span class='ocrx_word' id='word_1_147' title='bbox 1200 1328 1380 1381; x_wconf 87' lang='lat' dir='ltr'><strong>equales</strong></span> <span class='ocrx_word' id='word_1_148' title='bbox 1403 1329 1514 1370; x_wconf 91' lang='lat' dir='ltr'><strong>duas</strong></span> <span class='ocrx_word' id='word_1_149' title='bbox 1536 1328 1706 1370; x_wconf 88' lang='lat' dir='ltr'><strong>medias</strong></span> <span class='ocrx_word' id='word_1_150' title='bbox 1732 1329 1956 1383; x_wconf 88' lang='lat' dir='ltr'><strong>portiones</strong></span> <span class='ocrx_word' id='word_1_151' title='bbox 1981 1330 2095 1371; x_wconf 90' lang='lat' dir='ltr'><strong>Item</strong></span> <span class='ocrx_word' id='word_1_152' title='bbox 2117 1344 2251 1372; x_wconf 89' lang='lat' dir='ltr'><strong>vnam</strong></span> 
     </span>
     <span class='ocr_line' id='line_1_17' title="bbox 452 1396 2251 1452; baseline 0.002 -13"><span class='ocrx_word' id='word_1_153' title='bbox 452 1404 615 1439; x_wconf 89' lang='lat' dir='ltr'><strong>terram</strong></span> <span class='ocrx_word' id='word_1_154' title='bbox 654 1411 755 1439; x_wconf 90' lang='lat' dir='ltr'><strong>curn</strong></span> <span class='ocrx_word' id='word_1_155' title='bbox 794 1396 1080 1451; x_wconf 90' lang='lat' dir='ltr'><strong>pertinenciis</strong></span> <span class='ocrx_word' id='word_1_156' title='bbox 1118 1398 1346 1439; x_wconf 89' lang='lat' dir='ltr'><strong>Iacentem</strong></span> <span class='ocrx_word' id='word_1_157' title='bbox 1380 1411 1432 1438; x_wconf 85' lang='lat' dir='ltr'><strong>ex</strong></span> <span class='ocrx_word' id='word_1_158' title='bbox 1463 1397 1667 1440; x_wconf 88' lang='lat' dir='ltr'><strong>orientali</strong></span> <span class='ocrx_word' id='word_1_159' title='bbox 1705 1404 1830 1452; x_wconf 88' lang='lat' dir='ltr'><strong>parte</strong></span> <span class='ocrx_word' id='word_1_160' title='bbox 1860 1398 1945 1440; x_wconf 92' lang='lat' dir='ltr'><strong>vici</strong></span> <span class='ocrx_word' id='word_1_161' title='bbox 1978 1399 2111 1441; x_wconf 86' lang='lat' dir='ltr'><strong>castri</strong></span> <span class='ocrx_word' id='word_1_162' title='bbox 2145 1399 2251 1442; x_wconf 91' lang='lat' dir='ltr'><strong>dicti</strong></span> 
     </span>
     <span class='ocr_line' id='line_1_18' title="bbox 451 1466 2252 1520; baseline 0.002 -13"><span class='ocrx_word' id='word_1_163' title='bbox 451 1466 578 1520; x_wconf 86' lang='lat' dir='ltr'><strong>burgi</strong></span> <span class='ocrx_word' id='word_1_164' title='bbox 615 1466 730 1508; x_wconf 89' lang='lat' dir='ltr'><strong>inter</strong></span> <span class='ocrx_word' id='word_1_165' title='bbox 762 1473 926 1508; x_wconf 90' lang='lat' dir='ltr'><strong>terram</strong></span> <span class='ocrx_word' id='word_1_166' title='bbox 965 1468 1188 1520; x_wconf 91' lang='lat' dir='ltr'><strong>quondam</strong></span> <span class='ocrx_word' id='word_1_167' title='bbox 1223 1467 1450 1509; x_wconf 85' lang='lat' dir='ltr'><strong>alexandri</strong></span> <span class='ocrx_word' id='word_1_168' title='bbox 1485 1468 1788 1509; x_wconf 90' lang='lat' dir='ltr'><strong>mathewsone</strong></span> <span class='ocrx_word' id='word_1_169' title='bbox 1823 1482 1875 1509; x_wconf 86' lang='lat' dir='ltr'><strong>ex</strong></span> <span class='ocrx_word' id='word_1_170' title='bbox 1904 1468 2168 1511; x_wconf 91' lang='lat' dir='ltr'><strong>occidentali</strong></span> <span class='ocrx_word' id='word_1_171' title='bbox 2199 1483 2252 1511; x_wconf 86' lang='lat' dir='ltr'><strong>ex</strong></span> 
     </span>
     <span class='ocr_line' id='line_1_19' title="bbox 451 1536 2250 1592; baseline 0.002 -14"><span class='ocrx_word' id='word_1_172' title='bbox 451 1551 537 1578; x_wconf 91' lang='lat' dir='ltr'><strong>vna</strong></span> <span class='ocrx_word' id='word_1_173' title='bbox 559 1543 732 1591; x_wconf 88' lang='lat' dir='ltr'><strong>portam</strong></span> <span class='ocrx_word' id='word_1_174' title='bbox 757 1536 979 1578; x_wconf 90' lang='lat' dir='ltr'><strong>latronum</strong></span> <span class='ocrx_word' id='word_1_175' title='bbox 1012 1536 1118 1578; x_wconf 88' lang='lat' dir='ltr'><strong>dicti</strong></span> <span class='ocrx_word' id='word_1_176' title='bbox 1150 1536 1275 1591; x_wconf 84' lang='lat' dir='ltr'><strong>burgi</strong></span> <span class='ocrx_word' id='word_1_177' title='bbox 1308 1551 1360 1578; x_wconf 85' lang='lat' dir='ltr'><strong>ex</strong></span> <span class='ocrx_word' id='word_1_178' title='bbox 1382 1537 1585 1579; x_wconf 89' lang='lat' dir='ltr'><strong>orientali</strong></span> <span class='ocrx_word' id='word_1_179' title='bbox 1617 1537 1817 1592; x_wconf 91' lang='lat' dir='ltr'><strong>partibus</strong></span> <span class='ocrx_word' id='word_1_180' title='bbox 1848 1538 1903 1580; x_wconf 92' lang='lat' dir='ltr'><strong>ab</strong></span> <span class='ocrx_word' id='word_1_181' title='bbox 1926 1538 2066 1581; x_wconf 89' lang='lat' dir='ltr'><strong>altera</strong></span> <span class='ocrx_word' id='word_1_182' title='bbox 2086 1545 2250 1582; x_wconf 88' lang='lat' dir='ltr'><strong>terram</strong></span> 
     </span>
     <span class='ocr_line' id='line_1_20' title="bbox 452 1607 2250 1662; baseline 0.001 -14"><span class='ocrx_word' id='word_1_183' title='bbox 452 1608 675 1662; x_wconf 89' lang='lat' dir='ltr'><strong>quondam</strong></span> <span class='ocrx_word' id='word_1_184' title='bbox 707 1607 860 1648; x_wconf 90' lang='lat' dir='ltr'><strong>thome</strong></span> <span class='ocrx_word' id='word_1_185' title='bbox 893 1607 1098 1649; x_wconf 89' lang='lat' dir='ltr'><strong>craufurd</strong></span> <span class='ocrx_word' id='word_1_186' title='bbox 1129 1621 1283 1648; x_wconf 91' lang='lat' dir='ltr'><strong>versus</strong></span> <span class='ocrx_word' id='word_1_187' title='bbox 1315 1613 1517 1649; x_wconf 89' lang='lat' dir='ltr'><strong>austrum</strong></span> <span class='ocrx_word' id='word_1_188' title='bbox 1551 1613 1594 1648; x_wconf 92' lang='lat' dir='ltr'><strong>et</strong></span> <span class='ocrx_word' id='word_1_189' title='bbox 1627 1621 1910 1649; x_wconf 92' lang='lat' dir='ltr'><strong>communem</strong></span> <span class='ocrx_word' id='word_1_190' title='bbox 1932 1607 2050 1650; x_wconf 91' lang='lat' dir='ltr'><strong>viam</strong></span> <span class='ocrx_word' id='word_1_191' title='bbox 2082 1607 2250 1662; x_wconf 90' lang='lat' dir='ltr'><strong>regiam</strong></span> 
     </span>
     <span class='ocr_line' id='line_1_21' title="bbox 449 1676 2250 1732; baseline 0 -13"><span class='ocrx_word' id='word_1_192' title='bbox 449 1692 604 1720; x_wconf 90' lang='lat' dir='ltr'><strong>versus</strong></span> <span class='ocrx_word' id='word_1_193' title='bbox 636 1678 814 1720; x_wconf 91' lang='lat' dir='ltr'><strong>boream</strong></span> <span class='ocrx_word' id='word_1_194' title='bbox 849 1678 962 1719; x_wconf 87' lang='lat' dir='ltr'><strong>Item</strong></span> <span class='ocrx_word' id='word_1_195' title='bbox 985 1691 1119 1719; x_wconf 92' lang='lat' dir='ltr'><strong>vnam</strong></span> <span class='ocrx_word' id='word_1_196' title='bbox 1153 1676 1286 1719; x_wconf 91' lang='lat' dir='ltr'><strong>aliam</strong></span> <span class='ocrx_word' id='word_1_197' title='bbox 1309 1683 1473 1719; x_wconf 90' lang='lat' dir='ltr'><strong>terram</strong></span> <span class='ocrx_word' id='word_1_198' title='bbox 1500 1691 1602 1719; x_wconf 91' lang='lat' dir='ltr'><strong>curn</strong></span> <span class='ocrx_word' id='word_1_199' title='bbox 1635 1676 1921 1732; x_wconf 89' lang='lat' dir='ltr'><strong>pertinenciis</strong></span> <span class='ocrx_word' id='word_1_200' title='bbox 1954 1678 2182 1720; x_wconf 88' lang='lat' dir='ltr'><strong>Iacentem</strong></span> <span class='ocrx_word' id='word_1_201' title='bbox 2205 1677 2250 1719; x_wconf 93' lang='lat' dir='ltr'><strong>in</strong></span> 
     </span>
     <span class='ocr_line' id='line_1_22' title="bbox 451 1746 2251 1801; baseline 0.001 -13"><span class='ocrx_word' id='word_1_202' title='bbox 451 1746 675 1789; x_wconf 90' lang='lat' dir='ltr'><strong>antedicto</strong></span> <span class='ocrx_word' id='word_1_203' title='bbox 696 1747 793 1789; x_wconf 89' lang='lat' dir='ltr'><strong>vico</strong></span> <span class='ocrx_word' id='word_1_204' title='bbox 815 1747 951 1789; x_wconf 89' lang='lat' dir='ltr'><strong>veridi</strong></span> <span class='ocrx_word' id='word_1_205' title='bbox 986 1748 1109 1789; x_wconf 91' lang='lat' dir='ltr'><strong>Inter</strong></span> <span class='ocrx_word' id='word_1_206' title='bbox 1139 1753 1304 1789; x_wconf 91' lang='lat' dir='ltr'><strong>terram</strong></span> <span class='ocrx_word' id='word_1_207' title='bbox 1331 1747 1549 1789; x_wconf 89' lang='lat' dir='ltr'><strong>dictorum</strong></span> <span class='ocrx_word' id='word_1_208' title='bbox 1573 1747 1904 1801; x_wconf 91' lang='lat' dir='ltr'><strong>capellanorum</strong></span> <span class='ocrx_word' id='word_1_209' title='bbox 1928 1762 1981 1789; x_wconf 84' lang='lat' dir='ltr'><strong>ex</strong></span> <span class='ocrx_word' id='word_1_210' title='bbox 2012 1747 2176 1790; x_wconf 89' lang='lat' dir='ltr'><strong>boreali</strong></span> <span class='ocrx_word' id='word_1_211' title='bbox 2197 1761 2251 1790; x_wconf 86' lang='lat' dir='ltr'><strong>ex</strong></span> 
     </span>
     <span class='ocr_line' id='line_1_23' title="bbox 450 1816 2251 1873; baseline 0.001 -14"><span class='ocrx_word' id='word_1_212' title='bbox 450 1832 537 1860; x_wconf 92' lang='lat' dir='ltr'><strong>vna</strong></span> <span class='ocrx_word' id='word_1_213' title='bbox 568 1824 731 1859; x_wconf 91' lang='lat' dir='ltr'><strong>terram</strong></span> <span class='ocrx_word' id='word_1_214' title='bbox 765 1818 987 1871; x_wconf 91' lang='lat' dir='ltr'><strong>quondam</strong></span> <span class='ocrx_word' id='word_1_215' title='bbox 1019 1816 1237 1860; x_wconf 90' lang='lat' dir='ltr'><strong>Willelmi</strong></span> <span class='ocrx_word' id='word_1_216' title='bbox 1273 1831 1459 1873; x_wconf 90' lang='lat' dir='ltr'><strong>gregory</strong></span> <span class='ocrx_word' id='word_1_217' title='bbox 1490 1832 1542 1859; x_wconf 85' lang='lat' dir='ltr'><strong>ex</strong></span> <span class='ocrx_word' id='word_1_218' title='bbox 1574 1817 1759 1860; x_wconf 88' lang='lat' dir='ltr'><strong>australi</strong></span> <span class='ocrx_word' id='word_1_219' title='bbox 1792 1817 1992 1869; x_wconf 89' lang='lat' dir='ltr'><strong>partibus</strong></span> <span class='ocrx_word' id='word_1_220' title='bbox 2023 1817 2078 1860; x_wconf 90' lang='lat' dir='ltr'><strong>ab</strong></span> <span class='ocrx_word' id='word_1_221' title='bbox 2109 1817 2251 1860; x_wconf 89' lang='lat' dir='ltr'><strong>altera</strong></span> 
     </span>
     <span class='ocr_line' id='line_1_24' title="bbox 451 1886 2250 1941; baseline 0 -12"><span class='ocrx_word' id='word_1_222' title='bbox 451 1894 693 1929; x_wconf 89' lang='lat' dir='ltr'><strong>torrentem</strong></span> <span class='ocrx_word' id='word_1_223' title='bbox 720 1887 825 1929; x_wconf 89' lang='lat' dir='ltr'><strong>dicti</strong></span> <span class='ocrx_word' id='word_1_224' title='bbox 857 1887 983 1941; x_wconf 90' lang='lat' dir='ltr'><strong>burgi</strong></span> <span class='ocrx_word' id='word_1_225' title='bbox 1004 1902 1158 1929; x_wconf 84' lang='lat' dir='ltr'><strong>versus</strong></span> <span class='ocrx_word' id='word_1_226' title='bbox 1186 1886 1333 1929; x_wconf 90' lang='lat' dir='ltr'><strong>oriens</strong></span> <span class='ocrx_word' id='word_1_227' title='bbox 1361 1888 1420 1929; x_wconf 91' lang='lat' dir='ltr'><strong>Et</strong></span> <span class='ocrx_word' id='word_1_228' title='bbox 1450 1901 1734 1930; x_wconf 90' lang='lat' dir='ltr'><strong>communem</strong></span> <span class='ocrx_word' id='word_1_229' title='bbox 1755 1886 1873 1929; x_wconf 90' lang='lat' dir='ltr'><strong>viam</strong></span> <span class='ocrx_word' id='word_1_230' title='bbox 1905 1886 2073 1941; x_wconf 90' lang='lat' dir='ltr'><strong>regiam</strong></span> <span class='ocrx_word' id='word_1_231' title='bbox 2095 1901 2250 1929; x_wconf 85' lang='lat' dir='ltr'><strong>versus</strong></span> 
     </span>
     <span class='ocr_line' id='line_1_25' title="bbox 451 1955 2249 2011; baseline -0.002 -11"><span class='ocrx_word' id='word_1_232' title='bbox 451 1957 659 2000; x_wconf 89' lang='lat' dir='ltr'><strong>occidens</strong></span> <span class='ocrx_word' id='word_1_233' title='bbox 680 1957 719 1999; x_wconf 87' lang='lat' dir='ltr'>T</span> <span class='ocrx_word' id='word_1_234' title='bbox 724 1958 1028 2000; x_wconf 89' lang='lat' dir='ltr'>ENENDOS</span> <span class='ocrx_word' id='word_1_235' title='bbox 1054 1964 1097 1999; x_wconf 92' lang='lat' dir='ltr'><strong>et</strong></span> <span class='ocrx_word' id='word_1_236' title='bbox 1126 1957 1353 1999; x_wconf 89' lang='lat' dir='ltr'><strong>habendos</strong></span> <span class='ocrx_word' id='word_1_237' title='bbox 1375 1971 1530 1999; x_wconf 91' lang='lat' dir='ltr'><strong>omnes</strong></span> <span class='ocrx_word' id='word_1_238' title='bbox 1556 1963 1598 1998; x_wconf 93' lang='lat' dir='ltr'><strong>et</strong></span> <span class='ocrx_word' id='word_1_239' title='bbox 1622 1956 1820 2011; x_wconf 89' lang='lat' dir='ltr'><strong>singulos</strong></span> <span class='ocrx_word' id='word_1_240' title='bbox 1847 1970 2020 1998; x_wconf 91' lang='lat' dir='ltr'><strong>annuos</strong></span> <span class='ocrx_word' id='word_1_241' title='bbox 2050 1955 2249 1998; x_wconf 91' lang='lat' dir='ltr'><strong>redditus</strong></span> 
     </span>
     <span class='ocr_line' id='line_1_26' title="bbox 451 2024 2248 2082; baseline -0.002 -13"><span class='ocrx_word' id='word_1_242' title='bbox 451 2035 493 2070; x_wconf 93' lang='lat' dir='ltr'><strong>et</strong></span> <span class='ocrx_word' id='word_1_243' title='bbox 511 2034 652 2070; x_wconf 87' lang='lat' dir='ltr'><strong>terras</strong></span> <span class='ocrx_word' id='word_1_244' title='bbox 670 2027 995 2082; x_wconf 88' lang='lat' dir='ltr'><strong>suprascriptas</strong></span> <span class='ocrx_word' id='word_1_245' title='bbox 1017 2042 1118 2069; x_wconf 88' lang='lat' dir='ltr'><strong>curn</strong></span> <span class='ocrx_word' id='word_1_246' title='bbox 1136 2027 1423 2082; x_wconf 89' lang='lat' dir='ltr'><strong>pertinenciis</strong></span> <span class='ocrx_word' id='word_1_247' title='bbox 1440 2027 1570 2069; x_wconf 92' lang='lat' dir='ltr'><strong>dictis</strong></span> <span class='ocrx_word' id='word_1_248' title='bbox 1593 2033 1746 2068; x_wconf 90' lang='lat' dir='ltr'><strong>curato</strong></span> <span class='ocrx_word' id='word_1_249' title='bbox 1769 2032 1811 2068; x_wconf 89' lang='lat' dir='ltr'><strong>et</strong></span> <span class='ocrx_word' id='word_1_250' title='bbox 1834 2024 2078 2080; x_wconf 89' lang='lat' dir='ltr'><strong>capellanis</strong></span> <span class='ocrx_word' id='word_1_251' title='bbox 2094 2031 2137 2067; x_wconf 88' lang='lat' dir='ltr'><strong>et</strong></span> <span class='ocrx_word' id='word_1_252' title='bbox 2155 2024 2248 2067; x_wconf 89' lang='lat' dir='ltr'><strong>suis</strong></span> 
     </span>
     <span class='ocr_line' id='line_1_27' title="bbox 451 2094 2248 2151; baseline -0.002 -12"><span class='ocrx_word' id='word_1_253' title='bbox 451 2097 782 2139; x_wconf 89' lang='lat' dir='ltr'><strong>successoribus</strong></span> <span class='ocrx_word' id='word_1_254' title='bbox 804 2097 1047 2151; x_wconf 90' lang='lat' dir='ltr'><strong>capellanis</strong></span> <span class='ocrx_word' id='word_1_255' title='bbox 1069 2097 1175 2139; x_wconf 90' lang='lat' dir='ltr'><strong>dicti</strong></span> <span class='ocrx_word' id='word_1_256' title='bbox 1205 2097 1327 2139; x_wconf 89' lang='lat' dir='ltr'><strong>chori</strong></span> <span class='ocrx_word' id='word_1_257' title='bbox 1353 2098 1390 2138; x_wconf 93' lang='lat' dir='ltr'><strong>A</strong></span> <span class='ocrx_word' id='word_1_258' title='bbox 1420 2111 1490 2139; x_wconf 93' lang='lat' dir='ltr'><strong>me</strong></span> <span class='ocrx_word' id='word_1_259' title='bbox 1522 2096 1757 2139; x_wconf 89' lang='lat' dir='ltr'><strong>heredibus</strong></span> <span class='ocrx_word' id='word_1_260' title='bbox 1788 2101 1831 2138; x_wconf 92' lang='lat' dir='ltr'><strong>et</strong></span> <span class='ocrx_word' id='word_1_261' title='bbox 1863 2094 2105 2150; x_wconf 86' lang='lat' dir='ltr'><strong>assignatis</strong></span> <span class='ocrx_word' id='word_1_262' title='bbox 2136 2095 2248 2146; x_wconf 83' lang='lat' dir='ltr'><strong>meis</strong></span> 
     </span>
     <span class='ocr_line' id='line_1_28' title="bbox 450 2163 2246 2222; baseline -0.003 -12"><span class='ocrx_word' id='word_1_263' title='bbox 450 2169 503 2210; x_wconf 89' lang='lat' dir='ltr'><strong>de</strong></span> <span class='ocrx_word' id='word_1_264' title='bbox 526 2182 732 2222; x_wconf 89' lang='lat' dir='ltr'><strong>supremo</strong></span> <span class='ocrx_word' id='word_1_265' title='bbox 755 2167 934 2210; x_wconf 91' lang='lat' dir='ltr'><strong>domino</strong></span> <span class='ocrx_word' id='word_1_266' title='bbox 966 2174 1118 2209; x_wconf 90' lang='lat' dir='ltr'><strong>nostro</strong></span> <span class='ocrx_word' id='word_1_267' title='bbox 1149 2181 1251 2221; x_wconf 89' lang='lat' dir='ltr'><strong>rege</strong></span> <span class='ocrx_word' id='word_1_268' title='bbox 1274 2174 1316 2209; x_wconf 92' lang='lat' dir='ltr'><strong>et</strong></span> <span class='ocrx_word' id='word_1_269' title='bbox 1340 2167 1432 2209; x_wconf 89' lang='lat' dir='ltr'><strong>suis</strong></span> <span class='ocrx_word' id='word_1_270' title='bbox 1461 2166 1791 2209; x_wconf 91' lang='lat' dir='ltr'><strong>successoribus</strong></span> <span class='ocrx_word' id='word_1_271' title='bbox 1822 2165 1999 2220; x_wconf 89' lang='lat' dir='ltr'><strong>regibus</strong></span> <span class='ocrx_word' id='word_1_272' title='bbox 2026 2163 2170 2206; x_wconf 87' lang='lat' dir='ltr'><strong>scocie</strong></span> <span class='ocrx_word' id='word_1_273' title='bbox 2201 2163 2246 2205; x_wconf 91' lang='lat' dir='ltr'><strong>in</strong></span> 
     </span>
     <span class='ocr_line' id='line_1_29' title="bbox 450 2233 2245 2292; baseline -0.002 -14"><span class='ocrx_word' id='word_1_274' title='bbox 450 2251 605 2292; x_wconf 88' lang='lat' dir='ltr'><strong>puram</strong></span> <span class='ocrx_word' id='word_1_275' title='bbox 648 2243 690 2278; x_wconf 90' lang='lat' dir='ltr'><strong>et</strong></span> <span class='ocrx_word' id='word_1_276' title='bbox 732 2243 991 2291; x_wconf 90' lang='lat' dir='ltr'><strong>perpetuam</strong></span> <span class='ocrx_word' id='word_1_277' title='bbox 1034 2236 1314 2278; x_wconf 90' lang='lat' dir='ltr'><strong>elimosinam</strong></span> <span class='ocrx_word' id='word_1_278' title='bbox 1361 2236 1687 2291; x_wconf 89' lang='lat' dir='ltr'><strong>imperpetuum</strong></span> <span class='ocrx_word' id='word_1_279' title='bbox 1735 2236 1848 2278; x_wconf 91' lang='lat' dir='ltr'><strong>Cum</strong></span> <span class='ocrx_word' id='word_1_280' title='bbox 1891 2233 2011 2276; x_wconf 87' lang='lat' dir='ltr'><strong>omni</strong></span> <span class='ocrx_word' id='word_1_281' title='bbox 2059 2234 2161 2275; x_wconf 91' lang='lat' dir='ltr'><strong>Iure</strong></span> <span class='ocrx_word' id='word_1_282' title='bbox 2202 2239 2245 2275; x_wconf 90' lang='lat' dir='ltr'><strong>et</strong></span> 
     </span>
     <span class='ocr_line' id='line_1_30' title="bbox 451 2301 2246 2361; baseline -0.003 -13"><span class='ocrx_word' id='word_1_283' title='bbox 451 2307 739 2348; x_wconf 89' lang='lat' dir='ltr'><strong>Iurisclameo</strong></span> <span class='ocrx_word' id='word_1_284' title='bbox 770 2306 900 2348; x_wconf 88' lang='lat' dir='ltr'><strong>titulo</strong></span> <span class='ocrx_word' id='word_1_285' title='bbox 932 2307 1201 2361; x_wconf 91' lang='lat' dir='ltr'><strong>proprietate</strong></span> <span class='ocrx_word' id='word_1_286' title='bbox 1233 2313 1275 2348; x_wconf 91' lang='lat' dir='ltr'><strong>et</strong></span> <span class='ocrx_word' id='word_1_287' title='bbox 1308 2306 1588 2360; x_wconf 88' lang='lat' dir='ltr'><strong>possessione</strong></span> <span class='ocrx_word' id='word_1_288' title='bbox 1621 2306 1735 2348; x_wconf 92' lang='lat' dir='ltr'><strong>Cum</strong></span> <span class='ocrx_word' id='word_1_289' title='bbox 1768 2303 1929 2346; x_wconf 91' lang='lat' dir='ltr'><strong>debitis</strong></span> <span class='ocrx_word' id='word_1_290' title='bbox 1968 2301 2246 2357; x_wconf 88' lang='lat' dir='ltr'><strong>longitudine</strong></span> 
     </span>
     <span class='ocr_line' id='line_1_31' title="bbox 449 2372 2243 2431; baseline -0.003 -13"><span class='ocrx_word' id='word_1_291' title='bbox 449 2383 491 2418; x_wconf 91' lang='lat' dir='ltr'><strong>et</strong></span> <span class='ocrx_word' id='word_1_292' title='bbox 534 2376 767 2418; x_wconf 88' lang='lat' dir='ltr'><strong>latitudine</strong></span> <span class='ocrx_word' id='word_1_293' title='bbox 809 2378 923 2419; x_wconf 91' lang='lat' dir='ltr'><strong>Cum</strong></span> <span class='ocrx_word' id='word_1_294' title='bbox 955 2376 1141 2419; x_wconf 91' lang='lat' dir='ltr'><strong>edificiis</strong></span> <span class='ocrx_word' id='word_1_295' title='bbox 1173 2378 1362 2431; x_wconf 86' lang='lat' dir='ltr'><strong>desuper</strong></span> <span class='ocrx_word' id='word_1_296' title='bbox 1402 2375 1671 2419; x_wconf 86' lang='lat' dir='ltr'><strong>constructis</strong></span> <span class='ocrx_word' id='word_1_297' title='bbox 1712 2381 1754 2416; x_wconf 89' lang='lat' dir='ltr'><strong>et</strong></span> <span class='ocrx_word' id='word_1_298' title='bbox 1796 2372 2108 2416; x_wconf 86' lang='lat' dir='ltr'><strong>construendis</strong></span> <span class='ocrx_word' id='word_1_299' title='bbox 2141 2386 2243 2414; x_wconf 90' lang='lat' dir='ltr'><strong>cum</strong></span> 
     </span>
     <span class='ocr_line' id='line_1_32' title="bbox 448 2440 2245 2500; baseline -0.002 -14"><span class='ocrx_word' id='word_1_300' title='bbox 448 2445 669 2500; x_wconf 91' lang='lat' dir='ltr'><strong>lapidibus</strong></span> <span class='ocrx_word' id='word_1_301' title='bbox 700 2445 833 2500; x_wconf 92' lang='lat' dir='ltr'><strong>lignis</strong></span> <span class='ocrx_word' id='word_1_302' title='bbox 864 2452 906 2487; x_wconf 90' lang='lat' dir='ltr'><strong>et</strong></span> <span class='ocrx_word' id='word_1_303' title='bbox 939 2446 1060 2487; x_wconf 87' lang='lat' dir='ltr'><strong>calce</strong></span> <span class='ocrx_word' id='word_1_304' title='bbox 1081 2447 1145 2488; x_wconf 95' lang='lat' dir='ltr'><strong>Ac</strong></span> <span class='ocrx_word' id='word_1_305' title='bbox 1172 2460 1273 2488; x_wconf 91' lang='lat' dir='ltr'><strong>cum</strong></span> <span class='ocrx_word' id='word_1_306' title='bbox 1306 2445 1512 2488; x_wconf 92' lang='lat' dir='ltr'><strong>omnibus</strong></span> <span class='ocrx_word' id='word_1_307' title='bbox 1544 2445 1643 2487; x_wconf 89' lang='lat' dir='ltr'><strong>aliis</strong></span> <span class='ocrx_word' id='word_1_308' title='bbox 1671 2450 1714 2486; x_wconf 86' lang='lat' dir='ltr'><strong>et</strong></span> <span class='ocrx_word' id='word_1_309' title='bbox 1747 2442 1934 2497; x_wconf 87' lang='lat' dir='ltr'><strong>singulis</strong></span> <span class='ocrx_word' id='word_1_310' title='bbox 1965 2440 2245 2483; x_wconf 86' lang='lat' dir='ltr'><strong>libertatibus</strong></span> 
     </span>
     <span class='ocr_line' id='line_1_33' title="bbox 449 2511 2244 2568; baseline -0.003 -12"><span class='ocrx_word' id='word_1_311' title='bbox 449 2514 841 2556; x_wconf 87' lang='lat' dir='ltr'><strong>commoditatibus</strong></span> <span class='ocrx_word' id='word_1_312' title='bbox 863 2522 905 2556; x_wconf 93' lang='lat' dir='ltr'><strong>et</strong></span> <span class='ocrx_word' id='word_1_313' title='bbox 938 2515 1200 2557; x_wconf 89' lang='lat' dir='ltr'><strong>asiamentis</strong></span> <span class='ocrx_word' id='word_1_314' title='bbox 1222 2529 1273 2557; x_wconf 91' lang='lat' dir='ltr'><strong>ac</strong></span> <span class='ocrx_word' id='word_1_315' title='bbox 1308 2514 1445 2557; x_wconf 89' lang='lat' dir='ltr'><strong>Iustis</strong></span> <span class='ocrx_word' id='word_1_316' title='bbox 1477 2514 1569 2556; x_wconf 87' lang='lat' dir='ltr'><strong>suis</strong></span> <span class='ocrx_word' id='word_1_317' title='bbox 1601 2512 1887 2568; x_wconf 89' lang='lat' dir='ltr'><strong>pertinenciis</strong></span> <span class='ocrx_word' id='word_1_318' title='bbox 1909 2511 2244 2566; x_wconf 90' lang='lat' dir='ltr'><strong>quibuscunque</strong></span> 
     </span>
     <span class='ocr_line' id='line_1_34' title="bbox 448 2582 2245 2638; baseline -0.002 -14"><span class='ocrx_word' id='word_1_319' title='bbox 448 2582 562 2624; x_wconf 89' lang='lat' dir='ltr'><strong>Tam</strong></span> <span class='ocrx_word' id='word_1_320' title='bbox 600 2597 688 2624; x_wconf 92' lang='lat' dir='ltr'><strong>non</strong></span> <span class='ocrx_word' id='word_1_321' title='bbox 731 2583 973 2625; x_wconf 90' lang='lat' dir='ltr'><strong>nominatis</strong></span> <span class='ocrx_word' id='word_1_322' title='bbox 1010 2598 1143 2638; x_wconf 91' lang='lat' dir='ltr'><strong>quam</strong></span> <span class='ocrx_word' id='word_1_323' title='bbox 1175 2583 1418 2625; x_wconf 91' lang='lat' dir='ltr'><strong>nominatis</strong></span> <span class='ocrx_word' id='word_1_324' title='bbox 1453 2589 1548 2624; x_wconf 91' lang='lat' dir='ltr'><strong>tam</strong></span> <span class='ocrx_word' id='word_1_325' title='bbox 1591 2582 1747 2624; x_wconf 91' lang='lat' dir='ltr'><strong>subtus</strong></span> <span class='ocrx_word' id='word_1_326' title='bbox 1783 2587 1900 2622; x_wconf 91' lang='lat' dir='ltr'><strong>terra</strong></span> <span class='ocrx_word' id='word_1_327' title='bbox 1941 2593 2074 2634; x_wconf 91' lang='lat' dir='ltr'><strong>quam</strong></span> <span class='ocrx_word' id='word_1_328' title='bbox 2111 2592 2245 2633; x_wconf 90' lang='lat' dir='ltr'><strong>supra</strong></span> 
     </span>
     <span class='ocr_line' id='line_1_35' title="bbox 447 2646 2244 2705; baseline -0.004 -12"><span class='ocrx_word' id='word_1_329' title='bbox 447 2658 609 2693; x_wconf 89' lang='lat' dir='ltr'><strong>terram</strong></span> <span class='ocrx_word' id='word_1_330' title='bbox 648 2652 703 2693; x_wconf 88' lang='lat' dir='ltr'><strong>ad</strong></span> <span class='ocrx_word' id='word_1_331' title='bbox 737 2651 957 2705; x_wconf 91' lang='lat' dir='ltr'><strong>predictas</strong></span> <span class='ocrx_word' id='word_1_332' title='bbox 988 2658 1130 2693; x_wconf 90' lang='lat' dir='ltr'><strong>terras</strong></span> <span class='ocrx_word' id='word_1_333' title='bbox 1161 2658 1204 2693; x_wconf 93' lang='lat' dir='ltr'><strong>et</strong></span> <span class='ocrx_word' id='word_1_334' title='bbox 1237 2665 1409 2693; x_wconf 90' lang='lat' dir='ltr'><strong>annuos</strong></span> <span class='ocrx_word' id='word_1_335' title='bbox 1440 2647 1637 2692; x_wconf 82' lang='lat' dir='ltr'><strong>redditus</strong></span> <span class='ocrx_word' id='word_1_336' title='bbox 1671 2663 1772 2690; x_wconf 91' lang='lat' dir='ltr'><strong>cum</strong></span> <span class='ocrx_word' id='word_1_337' title='bbox 1806 2646 2091 2702; x_wconf 90' lang='lat' dir='ltr'><strong>pertinenciis</strong></span> <span class='ocrx_word' id='word_1_338' title='bbox 2123 2660 2244 2700; x_wconf 91' lang='lat' dir='ltr'><strong>spec-</strong></span> 
     </span>
     <span class='ocr_line' id='line_1_36' title="bbox 446 2713 2244 2773; baseline -0.004 -12"><span class='ocrx_word' id='word_1_339' title='bbox 446 2719 646 2762; x_wconf 89' lang='lat' dir='ltr'><strong>tantibus</strong></span> <span class='ocrx_word' id='word_1_340' title='bbox 679 2733 755 2761; x_wconf 89' lang='lat' dir='ltr'><strong>seu</strong></span> <span class='ocrx_word' id='word_1_341' title='bbox 790 2720 912 2761; x_wconf 91' lang='lat' dir='ltr'><strong>Iuste</strong></span> <span class='ocrx_word' id='word_1_342' title='bbox 946 2726 1145 2773; x_wconf 89' lang='lat' dir='ltr'><strong>spectare</strong></span> <span class='ocrx_word' id='word_1_343' title='bbox 1177 2718 1428 2760; x_wconf 88' lang='lat' dir='ltr'><strong>valentibus</strong></span> <span class='ocrx_word' id='word_1_344' title='bbox 1460 2716 1788 2772; x_wconf 90' lang='lat' dir='ltr'><strong>quomodolibet</strong></span> <span class='ocrx_word' id='word_1_345' title='bbox 1815 2715 1859 2756; x_wconf 92' lang='lat' dir='ltr'><strong>in</strong></span> <span class='ocrx_word' id='word_1_346' title='bbox 1890 2715 2087 2756; x_wconf 86' lang='lat' dir='ltr'><strong>futurum</strong></span> <span class='ocrx_word' id='word_1_347' title='bbox 2110 2713 2244 2755; x_wconf 90' lang='lat' dir='ltr'><strong>libere</strong></span> 
     </span>
     <span class='ocr_line' id='line_1_37' title="bbox 448 2781 2243 2842; baseline -0.004 -13"><span class='ocrx_word' id='word_1_348' title='bbox 448 2788 593 2842; x_wconf 87' lang='lat' dir='ltr'><strong>quiete</strong></span> <span class='ocrx_word' id='word_1_349' title='bbox 627 2787 821 2841; x_wconf 90' lang='lat' dir='ltr'><strong>plenarie</strong></span> <span class='ocrx_word' id='word_1_350' title='bbox 859 2787 1027 2841; x_wconf 89' lang='lat' dir='ltr'><strong>integre</strong></span> <span class='ocrx_word' id='word_1_351' title='bbox 1065 2787 1305 2828; x_wconf 89' lang='lat' dir='ltr'><strong>honorifice</strong></span> <span class='ocrx_word' id='word_1_352' title='bbox 1342 2788 1452 2828; x_wconf 90' lang='lat' dir='ltr'><strong>bene</strong></span> <span class='ocrx_word' id='word_1_353' title='bbox 1488 2792 1531 2827; x_wconf 87' lang='lat' dir='ltr'><strong>et</strong></span> <span class='ocrx_word' id='word_1_354' title='bbox 1569 2785 1612 2826; x_wconf 93' lang='lat' dir='ltr'><strong>in</strong></span> <span class='ocrx_word' id='word_1_355' title='bbox 1650 2799 1758 2839; x_wconf 90' lang='lat' dir='ltr'><strong>pace</strong></span> <span class='ocrx_word' id='word_1_356' title='bbox 1795 2783 1889 2825; x_wconf 91' lang='lat' dir='ltr'><strong>sine</strong></span> <span class='ocrx_word' id='word_1_357' title='bbox 1925 2781 2243 2837; x_wconf 88' lang='lat' dir='ltr'><strong>impedimento</strong></span> 
     </span>
     <span class='ocr_line' id='line_1_38' title="bbox 447 2850 2244 2908; baseline -0.004 -10"><span class='ocrx_word' id='word_1_358' title='bbox 447 2856 678 2898; x_wconf 91' lang='lat' dir='ltr'><strong>obstaculo</strong></span> <span class='ocrx_word' id='word_1_359' title='bbox 720 2863 795 2897; x_wconf 92' lang='lat' dir='ltr'><strong>aut</strong></span> <span class='ocrx_word' id='word_1_360' title='bbox 838 2855 1127 2897; x_wconf 90' lang='lat' dir='ltr'><strong>reuocacione</strong></span> <span class='ocrx_word' id='word_1_361' title='bbox 1175 2854 1512 2908; x_wconf 90' lang='lat' dir='ltr'><strong>quibuscunque</strong></span> <span class='ocrx_word' id='word_1_362' title='bbox 1564 2853 1863 2908; x_wconf 86' lang='lat' dir='ltr'><strong>Quamobrem</strong></span> <span class='ocrx_word' id='word_1_363' title='bbox 1905 2850 2011 2893; x_wconf 89' lang='lat' dir='ltr'><strong>dicti</strong></span> <span class='ocrx_word' id='word_1_364' title='bbox 2063 2855 2244 2892; x_wconf 89' lang='lat' dir='ltr'><strong>curatus</strong></span> 
     </span>
     <span class='ocr_line' id='line_1_39' title="bbox 447 2918 2243 2980; baseline -0.004 -12"><span class='ocrx_word' id='word_1_365' title='bbox 447 2932 490 2968; x_wconf 87' lang='lat' dir='ltr'><strong>et</strong></span> <span class='ocrx_word' id='word_1_366' title='bbox 531 2925 748 2980; x_wconf 89' lang='lat' dir='ltr'><strong>capellani</strong></span> <span class='ocrx_word' id='word_1_367' title='bbox 781 2932 823 2967; x_wconf 90' lang='lat' dir='ltr'><strong>et</strong></span> <span class='ocrx_word' id='word_1_368' title='bbox 866 2925 932 2967; x_wconf 87' lang='lat' dir='ltr'><strong>sui</strong></span> <span class='ocrx_word' id='word_1_369' title='bbox 965 2939 1244 2967; x_wconf 88' lang='lat' dir='ltr'><strong>successores</strong></span> <span class='ocrx_word' id='word_1_370' title='bbox 1276 2923 1494 2980; x_wconf 91' lang='lat' dir='ltr'><strong>capellani</strong></span> <span class='ocrx_word' id='word_1_371' title='bbox 1528 2922 1634 2965; x_wconf 90' lang='lat' dir='ltr'><strong>dicti</strong></span> <span class='ocrx_word' id='word_1_372' title='bbox 1667 2921 1788 2964; x_wconf 92' lang='lat' dir='ltr'><strong>chori</strong></span> <span class='ocrx_word' id='word_1_373' title='bbox 1830 2921 2114 2963; x_wconf 89' lang='lat' dir='ltr'><strong>celebrabunt</strong></span> <span class='ocrx_word' id='word_1_374' title='bbox 2156 2918 2243 2962; x_wconf 86' lang='lat' dir='ltr'><strong>die-</strong></span> 
     </span>
    </p>
   </div>
  </div>
 </body>
</html>
