<?xml version="1.0" encoding="UTF-8"?>
<!DOCTYPE html PUBLIC "-//W3C//DTD XHTML 1.0 Transitional//EN"
    "http://www.w3.org/TR/xhtml1/DTD/xhtml1-transitional.dtd">
<html xmlns="http://www.w3.org/1999/xhtml" xml:lang="en" lang="en">
 <head>
  <title>
</title>
<meta http-equiv="Content-Type" content="text/html;charset=utf-8" />
  <meta name='ocr-system' content='tesseract 3.04.00' />
  <meta name='ocr-capabilities' content='ocr_page ocr_carea ocr_par ocr_line ocrx_word'/>
</head>
<body>
  <div class='ocr_page' id='page_1' title='image "./cartulariumeccle01sainuoft_0030.png"; bbox 0 0 2524 3418; ppageno 0'>
   <div class='ocr_carea' id='block_1_1' title="bbox 427 175 526 215">
    <p class='ocr_par' dir='ltr' id='par_1_1' title="bbox 427 175 526 215">
     <span class='ocr_line' id='line_1_1' title="bbox 427 175 526 215; baseline 0.01 -1"><span class='ocrx_word' id='word_1_1' title='bbox 427 175 526 215; x_wconf 79' lang='lat' dir='ltr'>xviii</span> 
     </span>
    </p>
   </div>
   <div class='ocr_carea' id='block_1_2' title="bbox 574 305 739 348">
    <p class='ocr_par' dir='ltr' id='par_1_2' title="bbox 574 305 739 348">
     <span class='ocr_line' id='line_1_2' title="bbox 574 305 739 348; baseline -0.013 0"><span class='ocrx_word' id='word_1_2' title='bbox 574 305 739 348; x_wconf 88' lang='lat' dir='ltr'><strong>CXIX.</strong></span> 
     </span>
    </p>
   </div>
   <div class='ocr_carea' id='block_1_3' title="bbox 604 442 743 485">
    <p class='ocr_par' dir='ltr' id='par_1_3' title="bbox 604 442 743 485">
     <span class='ocr_line' id='line_1_3' title="bbox 604 442 743 485; baseline -0.014 0"><span class='ocrx_word' id='word_1_3' title='bbox 604 442 743 485; x_wconf 87' lang='lat' dir='ltr'><strong>CXX.</strong></span> 
     </span>
    </p>
   </div>
   <div class='ocr_carea' id='block_1_4' title="bbox 574 581 740 623">
    <p class='ocr_par' dir='ltr' id='par_1_4' title="bbox 574 581 740 623">
     <span class='ocr_line' id='line_1_4' title="bbox 574 581 740 623; baseline -0.007 0"><span class='ocrx_word' id='word_1_4' title='bbox 574 581 740 623; x_wconf 90' lang='lat' dir='ltr'><strong>CXXI.</strong></span> 
     </span>
    </p>
   </div>
   <div class='ocr_carea' id='block_1_5' title="bbox 543 719 734 761">
    <p class='ocr_par' dir='ltr' id='par_1_5' title="bbox 543 719 734 761">
     <span class='ocr_line' id='line_1_5' title="bbox 543 719 734 761; baseline -0.01 0"><span class='ocrx_word' id='word_1_5' title='bbox 543 719 734 761; x_wconf 88' lang='lat' dir='ltr'><strong>CXXII.</strong></span> 
     </span>
    </p>
   </div>
   <div class='ocr_carea' id='block_1_6' title="bbox 517 1063 737 1105">
    <p class='ocr_par' dir='ltr' id='par_1_6' title="bbox 517 1063 737 1105">
     <span class='ocr_line' id='line_1_6' title="bbox 517 1063 737 1105; baseline -0.005 0"><span class='ocrx_word' id='word_1_6' title='bbox 517 1063 737 1105; x_wconf 88' lang='lat' dir='ltr'><strong>CXXIII.</strong></span> 
     </span>
    </p>
   </div>
   <div class='ocr_carea' id='block_1_7' title="bbox 527 1203 737 1245">
    <p class='ocr_par' dir='ltr' id='par_1_7' title="bbox 527 1203 737 1245">
     <span class='ocr_line' id='line_1_7' title="bbox 527 1203 737 1245; baseline -0.005 0"><span class='ocrx_word' id='word_1_7' title='bbox 527 1203 737 1245; x_wconf 85' lang='lat' dir='ltr'><strong>CXXIV.</strong></span> 
     </span>
    </p>
   </div>
   <div class='ocr_carea' id='block_1_8' title="bbox 554 1411 737 1454">
    <p class='ocr_par' dir='ltr' id='par_1_8' title="bbox 554 1411 737 1454">
     <span class='ocr_line' id='line_1_8' title="bbox 554 1411 737 1454; baseline -0.005 0"><span class='ocrx_word' id='word_1_8' title='bbox 554 1411 737 1454; x_wconf 88' lang='lat' dir='ltr'><strong>CXXV.</strong></span> 
     </span>
    </p>
   </div>
   <div class='ocr_carea' id='block_1_9' title="bbox 525 1688 736 1731">
    <p class='ocr_par' dir='ltr' id='par_1_9' title="bbox 525 1688 736 1731">
     <span class='ocr_line' id='line_1_9' title="bbox 525 1688 736 1731; baseline 0 -1"><span class='ocrx_word' id='word_1_9' title='bbox 525 1688 736 1731; x_wconf 87' lang='lat' dir='ltr'><strong>CXXVI.</strong></span> 
     </span>
    </p>
   </div>
   <div class='ocr_carea' id='block_1_10' title="bbox 503 1966 740 2009">
    <p class='ocr_par' dir='ltr' id='par_1_10' title="bbox 503 1966 740 2009">
     <span class='ocr_line' id='line_1_10' title="bbox 503 1966 740 2009; baseline 0.004 -1"><span class='ocrx_word' id='word_1_10' title='bbox 503 1966 740 2009; x_wconf 90' lang='lat' dir='ltr'><strong>CXXVII.</strong></span> 
     </span>
    </p>
   </div>
   <div class='ocr_carea' id='block_1_11' title="bbox 475 2104 738 2215">
    <p class='ocr_par' dir='ltr' id='par_1_11' title="bbox 475 2104 738 2215">
     <span class='ocr_line' id='line_1_11' title="bbox 475 2104 738 2147; baseline 0 0"><span class='ocrx_word' id='word_1_11' title='bbox 475 2104 738 2147; x_wconf 92' lang='lat' dir='ltr'><strong>CXXVIII.</strong></span> 
     </span>
     <span class='ocr_line' id='line_1_12' title="bbox 525 2173 736 2215; baseline 0.005 -1"><span class='ocrx_word' id='word_1_12' title='bbox 525 2173 736 2215; x_wconf 92' lang='lat' dir='ltr'><strong>CXXIX.</strong></span> 
     </span>
    </p>
   </div>
   <div class='ocr_carea' id='block_1_12' title="bbox 552 2310 737 2354">
    <p class='ocr_par' dir='ltr' id='par_1_12' title="bbox 552 2310 737 2354">
     <span class='ocr_line' id='line_1_13' title="bbox 552 2310 737 2354; baseline 0 0"><span class='ocrx_word' id='word_1_13' title='bbox 552 2310 737 2354; x_wconf 91' lang='lat' dir='ltr'><strong>CXXX.</strong></span> 
     </span>
    </p>
   </div>
   <div class='ocr_carea' id='block_1_13' title="bbox 474 2450 736 2699">
    <p class='ocr_par' dir='ltr' id='par_1_13' title="bbox 474 2450 736 2699">
     <span class='ocr_line' id='line_1_14' title="bbox 523 2450 735 2494; baseline 0.009 -2"><span class='ocrx_word' id='word_1_14' title='bbox 523 2450 735 2494; x_wconf 90' lang='lat' dir='ltr'><strong>CXXXI.</strong></span> 
     </span>
     <span class='ocr_line' id='line_1_15' title="bbox 497 2519 735 2564; baseline 0.008 -3"><span class='ocrx_word' id='word_1_15' title='bbox 497 2519 735 2564; x_wconf 91' lang='lat' dir='ltr'><strong>CXXXII.</strong></span> 
     </span>
     <span class='ocr_line' id='line_1_16' title="bbox 474 2588 736 2631; baseline 0.004 -1"><span class='ocrx_word' id='word_1_16' title='bbox 474 2588 736 2631; x_wconf 90' lang='lat' dir='ltr'><strong>CXXXIII.</strong></span> 
     </span>
     <span class='ocr_line' id='line_1_17' title="bbox 481 2655 735 2699; baseline 0.008 -2"><span class='ocrx_word' id='word_1_17' title='bbox 481 2655 735 2699; x_wconf 89' lang='lat' dir='ltr'><strong>CXXXIV.</strong></span> 
     </span>
    </p>
   </div>
   <div class='ocr_carea' id='block_1_14' title="bbox 1172 175 1505 216">
    <p class='ocr_par' dir='ltr' id='par_1_14' title="bbox 1172 175 1505 216">
     <span class='ocr_line' id='line_1_18' title="bbox 1172 175 1505 216; baseline 0.003 -1"><span class='ocrx_word' id='word_1_18' title='bbox 1172 175 1328 216; x_wconf 82' lang='lat' dir='ltr'>Tabula</span> <span class='ocrx_word' id='word_1_19' title='bbox 1352 176 1505 216; x_wconf 80' lang='lat' dir='ltr'>Rerum</span> 
     </span>
    </p>
   </div>
   <div class='ocr_carea' id='block_1_15' title="bbox 776 304 2056 428">
    <p class='ocr_par' dir='ltr' id='par_1_15' title="bbox 776 304 2056 428">
     <span class='ocr_line' id='line_1_19' title="bbox 776 304 2056 360; baseline 0.002 -14"><span class='ocrx_word' id='word_1_20' title='bbox 776 304 999 347; x_wconf 86' lang='lat' dir='ltr'>Fundatio</span> <span class='ocrx_word' id='word_1_21' title='bbox 1023 304 1201 359; x_wconf 87' lang='lat' dir='ltr'>Georgii</span> <span class='ocrx_word' id='word_1_22' title='bbox 1225 305 1425 360; x_wconf 83' lang='lat' dir='ltr'>Quhytte</span> <span class='ocrx_word' id='word_1_23' title='bbox 1448 307 1502 348; x_wconf 90' lang='lat' dir='ltr'>ad</span> <span class='ocrx_word' id='word_1_24' title='bbox 1526 306 1665 349; x_wconf 87' lang='lat' dir='ltr'>altare</span> <span class='ocrx_word' id='word_1_25' title='bbox 1690 305 1817 349; x_wconf 85' lang='lat' dir='ltr'><strong>Beati</strong></span> <span class='ocrx_word' id='word_1_26' title='bbox 1843 306 2056 349; x_wconf 89' lang='lat' dir='ltr'>Iohannis</span> 
     </span>
     <span class='ocr_line' id='line_1_20' title="bbox 891 372 1399 428; baseline 0 -13"><span class='ocrx_word' id='word_1_27' title='bbox 891 372 1128 428; x_wconf 79' lang='lat' dir='ltr'><strong>baptistae.</strong></span> <span class='ocrx_word' id='word_1_28' title='bbox 1193 385 1300 426; x_wconf 90' lang='lat'>1542</span> <span class='ocrx_word' id='word_1_29' title='bbox 1390 405 1399 415; x_wconf 94' lang='lat'><strong>.</strong></span> 
     </span>
    </p>
   </div>
   <div class='ocr_carea' id='block_1_16' title="bbox 2043 376 2227 430">
    <p class='ocr_par' dir='ltr' id='par_1_16' title="bbox 2043 376 2227 430">
     <span class='ocr_line' id='line_1_21' title="bbox 2043 376 2227 430; baseline 0 -13"><span class='ocrx_word' id='word_1_30' title='bbox 2043 406 2053 417; x_wconf 88' lang='lat'><strong>.</strong></span> <span class='ocrx_word' id='word_1_31' title='bbox 2144 376 2227 430; x_wconf 86' lang='lat'>246</span> 
     </span>
    </p>
   </div>
   <div class='ocr_carea' id='block_1_17' title="bbox 766 440 2227 2858">
    <p class='ocr_par' dir='ltr' id='par_1_17' title="bbox 766 440 2227 2858">
     <span class='ocr_line' id='line_1_22' title="bbox 779 440 2227 498; baseline 0.002 -15"><span class='ocrx_word' id='word_1_32' title='bbox 779 443 814 483; x_wconf 86' lang='lat' dir='ltr'>F</span> <span class='ocrx_word' id='word_1_33' title='bbox 819 440 1002 483; x_wconf 88' lang='lat' dir='ltr'>undat1o</span> <span class='ocrx_word' id='word_1_34' title='bbox 1020 440 1202 484; x_wconf 85' lang='lat' dir='ltr'>Robert1</span> <span class='ocrx_word' id='word_1_35' title='bbox 1219 441 1399 484; x_wconf 89' lang='lat' dir='ltr'>Schand</span> <span class='ocrx_word' id='word_1_36' title='bbox 1415 448 1569 484; x_wconf 89' lang='lat' dir='ltr'>curato</span> <span class='ocrx_word' id='word_1_37' title='bbox 1583 448 1626 484; x_wconf 91' lang='lat' dir='ltr'>et</span> <span class='ocrx_word' id='word_1_38' title='bbox 1641 442 1898 497; x_wconf 79' lang='lat' dir='ltr'>capellaniS.</span> <span class='ocrx_word' id='word_1_39' title='bbox 1949 454 2055 497; x_wconf 87' lang='lat'>1542</span> <span class='ocrx_word' id='word_1_40' title='bbox 2146 455 2227 498; x_wconf 87' lang='lat'>247</span> 
     </span>
     <span class='ocr_line' id='line_1_23' title="bbox 776 510 2226 568; baseline 0.001 -15"><span class='ocrx_word' id='word_1_41' title='bbox 776 510 971 553; x_wconf 88' lang='lat' dir='ltr'>Donatio</span> <span class='ocrx_word' id='word_1_42' title='bbox 993 510 1146 553; x_wconf 89' lang='lat' dir='ltr'>calicis</span> <span class='ocrx_word' id='word_1_43' title='bbox 1168 512 1224 554; x_wconf 89' lang='lat' dir='ltr'>ab</span> <span class='ocrx_word' id='word_1_44' title='bbox 1245 512 1400 554; x_wconf 89' lang='lat' dir='ltr'>eodem</span> <span class='ocrx_word' id='word_1_45' title='bbox 1425 510 1553 554; x_wconf 88' lang='lat' dir='ltr'>altari</span> <span class='ocrx_word' id='word_1_46' title='bbox 1579 513 1746 555; x_wconf 86' lang='lat' dir='ltr'>Beatae</span> <span class='ocrx_word' id='word_1_47' title='bbox 1768 513 1923 555; x_wconf 83' lang='lat' dir='ltr'>Annae</span> <span class='ocrx_word' id='word_1_48' title='bbox 2044 545 2054 554; x_wconf 92' lang='lat'><strong>.</strong></span> <span class='ocrx_word' id='word_1_49' title='bbox 2145 526 2226 568; x_wconf 85' lang='lat'>249</span> 
     </span>
     <span class='ocr_line' id='line_1_24' title="bbox 775 580 2055 636; baseline 0.002 -14"><span class='ocrx_word' id='word_1_50' title='bbox 775 580 984 623; x_wconf 89' lang='lat' dir='ltr'>Venditio</span> <span class='ocrx_word' id='word_1_51' title='bbox 1001 587 1143 623; x_wconf 87' lang='lat' dir='ltr'>terrae</span> <span class='ocrx_word' id='word_1_52' title='bbox 1164 581 1370 623; x_wconf 91' lang='lat' dir='ltr'>Donaldo</span> <span class='ocrx_word' id='word_1_53' title='bbox 1393 581 1603 636; x_wconf 90' lang='lat' dir='ltr'>Lyndsey</span> <span class='ocrx_word' id='word_1_54' title='bbox 1617 595 1642 624; x_wconf 91' lang='lat' dir='ltr'>a</span> <span class='ocrx_word' id='word_1_55' title='bbox 1659 581 1883 636; x_wconf 89' lang='lat' dir='ltr'>preposito</span> <span class='ocrx_word' id='word_1_56' title='bbox 1901 588 2055 624; x_wconf 89' lang='lat' dir='ltr'>curato</span> 
     </span>
     <span class='ocr_line' id='line_1_25' title="bbox 886 647 2226 703; baseline 0.001 -14"><span class='ocrx_word' id='word_1_57' title='bbox 886 654 927 690; x_wconf 91' lang='lat' dir='ltr'>et</span> <span class='ocrx_word' id='word_1_58' title='bbox 952 647 1209 702; x_wconf 89' lang='lat' dir='ltr'>capellanis.</span> <span class='ocrx_word' id='word_1_59' title='bbox 1274 658 1382 702; x_wconf 86' lang='lat'>1545</span> <span class='ocrx_word' id='word_1_60' title='bbox 2044 681 2052 690; x_wconf 96' lang='lat'><strong>.</strong></span> <span class='ocrx_word' id='word_1_61' title='bbox 2144 660 2226 703; x_wconf 88' lang='lat'>250</span> 
     </span>
     <span class='ocr_line' id='line_1_26' title="bbox 771 717 2054 772; baseline 0.002 -13"><span class='ocrx_word' id='word_1_62' title='bbox 771 717 1031 760; x_wconf 83' lang='lat' dir='ltr'>Insormatio</span> <span class='ocrx_word' id='word_1_63' title='bbox 1077 717 1240 760; x_wconf 91' lang='lat' dir='ltr'>tradita</span> <span class='ocrx_word' id='word_1_64' title='bbox 1287 717 1532 772; x_wconf 89' lang='lat' dir='ltr'>capellanis</span> <span class='ocrx_word' id='word_1_65' title='bbox 1571 719 1624 760; x_wconf 91' lang='lat' dir='ltr'>de</span> <span class='ocrx_word' id='word_1_66' title='bbox 1667 719 1895 761; x_wconf 89' lang='lat' dir='ltr'>Aberdene</span> <span class='ocrx_word' id='word_1_67' title='bbox 1937 718 2054 762; x_wconf 87' lang='lat' dir='ltr'>circa</span> 
     </span>
     <span class='ocr_line' id='line_1_27' title="bbox 884 784 2053 841; baseline 0.002 -13"><span class='ocrx_word' id='word_1_68' title='bbox 884 784 1081 828; x_wconf 83' lang='lat' dir='ltr'>divinum</span> <span class='ocrx_word' id='word_1_69' title='bbox 1120 786 1290 828; x_wconf 91' lang='lat' dir='ltr'>cultum</span> <span class='ocrx_word' id='word_1_70' title='bbox 1327 792 1369 828; x_wconf 89' lang='lat' dir='ltr'>et</span> <span class='ocrx_word' id='word_1_71' title='bbox 1407 786 1738 841; x_wconf 85' lang='lat' dir='ltr'>capellanorum</span> <span class='ocrx_word' id='word_1_72' title='bbox 1774 786 2053 830; x_wconf 85' lang='lat' dir='ltr'>administra-</span> 
     </span>
     <span class='ocr_line' id='line_1_28' title="bbox 883 854 2052 912; baseline 0.003 -16"><span class='ocrx_word' id='word_1_73' title='bbox 883 854 1050 897; x_wconf 90' lang='lat' dir='ltr'>tionem</span> <span class='ocrx_word' id='word_1_74' title='bbox 1093 868 1170 910; x_wconf 91' lang='lat' dir='ltr'>per</span> <span class='ocrx_word' id='word_1_75' title='bbox 1207 856 1492 910; x_wconf 89' lang='lat' dir='ltr'>Ingeramum</span> <span class='ocrx_word' id='word_1_76' title='bbox 1537 855 1761 912; x_wconf 90' lang='lat' dir='ltr'>Lindesay</span> <span class='ocrx_word' id='word_1_77' title='bbox 1797 856 2052 912; x_wconf 87' lang='lat' dir='ltr'>episcopum</span> 
     </span>
     <span class='ocr_line' id='line_1_29' title="bbox 883 924 2053 981; baseline 0.003 -17"><span class='ocrx_word' id='word_1_78' title='bbox 883 924 1243 967; x_wconf 83' lang='lat' dir='ltr'>Aberdonensem</span> <span class='ocrx_word' id='word_1_79' title='bbox 1286 939 1338 967; x_wconf 91' lang='lat' dir='ltr'>ac</span> <span class='ocrx_word' id='word_1_80' title='bbox 1379 939 1456 980; x_wconf 90' lang='lat' dir='ltr'>per</span> <span class='ocrx_word' id='word_1_81' title='bbox 1495 925 1719 969; x_wconf 89' lang='lat' dir='ltr'>Thomam</span> <span class='ocrx_word' id='word_1_82' title='bbox 1757 927 1901 981; x_wconf 91' lang='lat' dir='ltr'>Spens</span> <span class='ocrx_word' id='word_1_83' title='bbox 1942 926 2053 981; x_wconf 91' lang='lat' dir='ltr'>epis·</span> 
     </span>
     <span class='ocr_line' id='line_1_30' title="bbox 883 994 2225 1050; baseline 0.003 -15"><span class='ocrx_word' id='word_1_84' title='bbox 883 1007 1044 1048; x_wconf 91' lang='lat' dir='ltr'>copum</span> <span class='ocrx_word' id='word_1_85' title='bbox 1076 994 1340 1037; x_wconf 88' lang='lat' dir='ltr'>confirmata</span> <span class='ocrx_word' id='word_1_86' title='bbox 1393 1026 1402 1036; x_wconf 92' lang='lat'><strong>.</strong></span> <span class='ocrx_word' id='word_1_87' title='bbox 2044 1028 2053 1038; x_wconf 90' lang='lat'><strong>.</strong></span> <span class='ocrx_word' id='word_1_88' title='bbox 2144 1007 2225 1050; x_wconf 90' lang='lat'>252</span> 
     </span>
     <span class='ocr_line' id='line_1_31' title="bbox 773 1063 2054 1119; baseline 0.002 -14"><span class='ocrx_word' id='word_1_89' title='bbox 773 1063 1002 1106; x_wconf 88' lang='lat' dir='ltr'>Statutum</span> <span class='ocrx_word' id='word_1_90' title='bbox 1035 1064 1088 1106; x_wconf 88' lang='lat' dir='ltr'>de</span> <span class='ocrx_word' id='word_1_91' title='bbox 1121 1063 1453 1119; x_wconf 87' lang='lat' dir='ltr'>capellanorum</span> <span class='ocrx_word' id='word_1_92' title='bbox 1485 1065 1686 1108; x_wconf 88' lang='lat' dir='ltr'>absentia</span> <span class='ocrx_word' id='word_1_93' title='bbox 1718 1079 1743 1108; x_wconf 88' lang='lat' dir='ltr'>a</span> <span class='ocrx_word' id='word_1_94' title='bbox 1772 1064 1907 1108; x_wconf 88' lang='lat' dir='ltr'>variis</span> <span class='ocrx_word' id='word_1_95' title='bbox 1938 1079 2054 1107; x_wconf 88' lang='lat' dir='ltr'>cere-</span> 
     </span>
     <span class='ocr_line' id='line_1_32' title="bbox 885 1131 2226 1188; baseline 0.002 -14"><span class='ocrx_word' id='word_1_96' title='bbox 885 1131 1061 1175; x_wconf 78' lang='lat' dir='ltr'>moniiS.</span> <span class='ocrx_word' id='word_1_97' title='bbox 1127 1134 1236 1187; x_wconf 89' lang='lat'>1518</span> <span class='ocrx_word' id='word_1_98' title='bbox 2144 1146 2226 1188; x_wconf 89' lang='lat'>253</span> 
     </span>
     <span class='ocr_line' id='line_1_33' title="bbox 772 1202 2054 1258; baseline 0.002 -14"><span class='ocrx_word' id='word_1_99' title='bbox 772 1202 952 1245; x_wconf 89' lang='lat' dir='ltr'>Statuta</span> <span class='ocrx_word' id='word_1_100' title='bbox 975 1203 1029 1246; x_wconf 90' lang='lat' dir='ltr'>de</span> <span class='ocrx_word' id='word_1_101' title='bbox 1051 1202 1188 1245; x_wconf 88' lang='lat' dir='ltr'>divini</span> <span class='ocrx_word' id='word_1_102' title='bbox 1211 1203 1359 1246; x_wconf 90' lang='lat' dir='ltr'>cultus</span> <span class='ocrx_word' id='word_1_103' title='bbox 1381 1203 1706 1247; x_wconf 86' lang='lat' dir='ltr'>sustentatione</span> <span class='ocrx_word' id='word_1_104' title='bbox 1729 1210 1771 1246; x_wconf 91' lang='lat' dir='ltr'>et</span> <span class='ocrx_word' id='word_1_105' title='bbox 1795 1210 2054 1258; x_wconf 86' lang='lat' dir='ltr'>augmenta-</span> 
     </span>
     <span class='ocr_line' id='line_1_34' title="bbox 886 1271 2225 1329; baseline 0.001 -15"><span class='ocrx_word' id='word_1_106' title='bbox 886 1271 1006 1314; x_wconf 88' lang='lat' dir='ltr'>tione</span> <span class='ocrx_word' id='word_1_107' title='bbox 1029 1271 1208 1315; x_wconf 89' lang='lat' dir='ltr'>condita</span> <span class='ocrx_word' id='word_1_108' title='bbox 1230 1286 1308 1327; x_wconf 91' lang='lat' dir='ltr'>per</span> <span class='ocrx_word' id='word_1_109' title='bbox 1328 1271 1542 1315; x_wconf 91' lang='lat' dir='ltr'>vicarium</span> <span class='ocrx_word' id='word_1_110' title='bbox 1560 1279 1603 1316; x_wconf 88' lang='lat' dir='ltr'>et</span> <span class='ocrx_word' id='word_1_111' title='bbox 1621 1273 1891 1328; x_wconf 84' lang='lat' dir='ltr'>capellanos.</span> <span class='ocrx_word' id='word_1_112' title='bbox 1945 1286 2051 1329; x_wconf 88' lang='lat'>1491</span> <span class='ocrx_word' id='word_1_113' title='bbox 2144 1284 2225 1327; x_wconf 88' lang='lat'>255</span> 
     </span>
     <span class='ocr_line' id='line_1_35' title="bbox 771 1340 2226 1398; baseline 0.001 -14"><span class='ocrx_word' id='word_1_114' title='bbox 771 1340 966 1385; x_wconf 85' lang='lat' dir='ltr'>Nomina</span> <span class='ocrx_word' id='word_1_115' title='bbox 988 1341 1320 1397; x_wconf 89' lang='lat' dir='ltr'>capellanorum</span> <span class='ocrx_word' id='word_1_116' title='bbox 1344 1342 1533 1397; x_wconf 84' lang='lat' dir='ltr'>collegii.</span> <span class='ocrx_word' id='word_1_117' title='bbox 1597 1356 1703 1398; x_wconf 88' lang='lat'>1491</span> <span class='ocrx_word' id='word_1_118' title='bbox 1781 1375 1792 1385; x_wconf 93' lang='lat'><strong>.</strong></span> <span class='ocrx_word' id='word_1_119' title='bbox 2044 1375 2054 1386; x_wconf 89' lang='lat'><strong>.</strong></span> <span class='ocrx_word' id='word_1_120' title='bbox 2145 1355 2226 1397; x_wconf 89' lang='lat'>257</span> 
     </span>
     <span class='ocr_line' id='line_1_36' title="bbox 773 1411 2049 1467; baseline 0.002 -14"><span class='ocrx_word' id='word_1_121' title='bbox 773 1411 953 1455; x_wconf 87' lang='lat' dir='ltr'>Statuta</span> <span class='ocrx_word' id='word_1_122' title='bbox 986 1425 1064 1467; x_wconf 90' lang='lat' dir='ltr'>pro</span> <span class='ocrx_word' id='word_1_123' title='bbox 1090 1411 1313 1455; x_wconf 85' lang='lat' dir='ltr'>sexdecim</span> <span class='ocrx_word' id='word_1_124' title='bbox 1346 1411 1591 1467; x_wconf 90' lang='lat' dir='ltr'>capellanis</span> <span class='ocrx_word' id='word_1_125' title='bbox 1623 1412 1667 1455; x_wconf 90' lang='lat' dir='ltr'>in</span> <span class='ocrx_word' id='word_1_126' title='bbox 1699 1412 1886 1467; x_wconf 88' lang='lat' dir='ltr'>collegi0</span> <span class='ocrx_word' id='word_1_127' title='bbox 1920 1413 2049 1456; x_wconf 87' lang='lat' dir='ltr'>Beati</span> 
     </span>
     <span class='ocr_line' id='line_1_37' title="bbox 885 1480 2053 1537; baseline 0.002 -14"><span class='ocrx_word' id='word_1_128' title='bbox 885 1480 1092 1525; x_wconf 89' lang='lat' dir='ltr'>Nicholai</span> <span class='ocrx_word' id='word_1_129' title='bbox 1123 1481 1241 1525; x_wconf 87' lang='lat' dir='ltr'>facta</span> <span class='ocrx_word' id='word_1_130' title='bbox 1267 1495 1344 1537; x_wconf 89' lang='lat' dir='ltr'>per</span> <span class='ocrx_word' id='word_1_131' title='bbox 1369 1483 1657 1525; x_wconf 88' lang='lat' dir='ltr'>reverendum</span> <span class='ocrx_word' id='word_1_132' title='bbox 1683 1481 1727 1524; x_wconf 88' lang='lat' dir='ltr'>in</span> <span class='ocrx_word' id='word_1_133' title='bbox 1754 1481 1934 1526; x_wconf 87' lang='lat' dir='ltr'>Christo</span> <span class='ocrx_word' id='word_1_134' title='bbox 1960 1488 2053 1537; x_wconf 91' lang='lat' dir='ltr'>pat-</span> 
     </span>
     <span class='ocr_line' id='line_1_38' title="bbox 883 1550 2053 1607; baseline 0.002 -15"><span class='ocrx_word' id='word_1_135' title='bbox 883 1564 975 1592; x_wconf 91' lang='lat' dir='ltr'>rem</span> <span class='ocrx_word' id='word_1_136' title='bbox 1008 1550 1288 1594; x_wconf 90' lang='lat' dir='ltr'>Willelmum</span> <span class='ocrx_word' id='word_1_137' title='bbox 1327 1550 1599 1607; x_wconf 88' lang='lat' dir='ltr'>Elphinston</span> <span class='ocrx_word' id='word_1_138' title='bbox 1631 1551 1887 1607; x_wconf 89' lang='lat' dir='ltr'>episcopum</span> <span class='ocrx_word' id='word_1_139' title='bbox 1921 1553 2053 1596; x_wconf 90' lang='lat' dir='ltr'>Aber-</span> 
     </span>
     <span class='ocr_line' id='line_1_39' title="bbox 885 1620 2226 1677; baseline 0.001 -15"><span class='ocrx_word' id='word_1_140' title='bbox 885 1621 1128 1663; x_wconf 89' lang='lat' dir='ltr'>donensem</span> <span class='ocrx_word' id='word_1_141' title='bbox 1152 1620 1196 1663; x_wconf 88' lang='lat' dir='ltr'>in</span> <span class='ocrx_word' id='word_1_142' title='bbox 1220 1635 1300 1663; x_wconf 93' lang='lat' dir='ltr'>suo</span> <span class='ocrx_word' id='word_1_143' title='bbox 1321 1620 1516 1675; x_wconf 88' lang='lat' dir='ltr'>generali</span> <span class='ocrx_word' id='word_1_144' title='bbox 1539 1621 1735 1677; x_wconf 89' lang='lat' dir='ltr'>capitulo</span> <span class='ocrx_word' id='word_1_145' title='bbox 1782 1654 1791 1665; x_wconf 91' lang='lat'><strong>.</strong></span> <span class='ocrx_word' id='word_1_146' title='bbox 2043 1653 2053 1664; x_wconf 91' lang='lat'><strong>.</strong></span> <span class='ocrx_word' id='word_1_147' title='bbox 2144 1632 2226 1676; x_wconf 86' lang='lat'>259</span> 
     </span>
     <span class='ocr_line' id='line_1_40' title="bbox 772 1689 2056 1746; baseline 0.002 -15"><span class='ocrx_word' id='word_1_148' title='bbox 772 1689 953 1732; x_wconf 86' lang='lat' dir='ltr'>Statuta</span> <span class='ocrx_word' id='word_1_149' title='bbox 975 1690 1029 1732; x_wconf 90' lang='lat' dir='ltr'>de</span> <span class='ocrx_word' id='word_1_150' title='bbox 1061 1689 1394 1744; x_wconf 88' lang='lat' dir='ltr'>capellanorum</span> <span class='ocrx_word' id='word_1_151' title='bbox 1428 1704 1602 1734; x_wconf 89' lang='lat' dir='ltr'>morum</span> <span class='ocrx_word' id='word_1_152' title='bbox 1635 1690 1948 1734; x_wconf 87' lang='lat' dir='ltr'>reformatione</span> <span class='ocrx_word' id='word_1_153' title='bbox 1979 1704 2056 1746; x_wconf 90' lang='lat' dir='ltr'>per</span> 
     </span>
     <span class='ocr_line' id='line_1_41' title="bbox 884 1757 2052 1814; baseline 0.001 -15"><span class='ocrx_word' id='word_1_154' title='bbox 884 1757 1100 1801; x_wconf 91' lang='lat' dir='ltr'>vicarium</span> <span class='ocrx_word' id='word_1_155' title='bbox 1131 1764 1173 1801; x_wconf 91' lang='lat' dir='ltr'>et</span> <span class='ocrx_word' id='word_1_156' title='bbox 1200 1758 1458 1814; x_wconf 90' lang='lat' dir='ltr'>capellanos</span> <span class='ocrx_word' id='word_1_157' title='bbox 1487 1758 1667 1802; x_wconf 87' lang='lat' dir='ltr'>condita</span> <span class='ocrx_word' id='word_1_158' title='bbox 1695 1765 1738 1802; x_wconf 91' lang='lat' dir='ltr'>et</span> <span class='ocrx_word' id='word_1_159' title='bbox 1764 1773 1842 1814; x_wconf 90' lang='lat' dir='ltr'>per</span> <span class='ocrx_word' id='word_1_160' title='bbox 1866 1759 2052 1801; x_wconf 89' lang='lat' dir='ltr'>Alexan-</span> 
     </span>
     <span class='ocr_line' id='line_1_42' title="bbox 883 1827 2052 1883; baseline 0.001 -13"><span class='ocrx_word' id='word_1_161' title='bbox 883 1828 1010 1871; x_wconf 86' lang='lat' dir='ltr'>drum</span> <span class='ocrx_word' id='word_1_162' title='bbox 1058 1829 1162 1883; x_wconf 90' lang='lat' dir='ltr'>Hay</span> <span class='ocrx_word' id='word_1_163' title='bbox 1205 1827 1563 1872; x_wconf 87' lang='lat' dir='ltr'>commissarium</span> <span class='ocrx_word' id='word_1_164' title='bbox 1603 1829 1853 1883; x_wconf 87' lang='lat' dir='ltr'>generalem</span> <span class='ocrx_word' id='word_1_165' title='bbox 1899 1829 2052 1871; x_wconf 89' lang='lat' dir='ltr'>confir·</span> 
     </span>
     <span class='ocr_line' id='line_1_43' title="bbox 885 1898 2227 1953; baseline -0.001 -13"><span class='ocrx_word' id='word_1_166' title='bbox 885 1904 1022 1941; x_wconf 90' lang='lat' dir='ltr'>mata.</span> <span class='ocrx_word' id='word_1_167' title='bbox 1087 1909 1195 1953; x_wconf 90' lang='lat'>1519</span> <span class='ocrx_word' id='word_1_168' title='bbox 1257 1930 1266 1941; x_wconf 91' lang='lat'><strong>.</strong></span> <span class='ocrx_word' id='word_1_169' title='bbox 2144 1898 2227 1940; x_wconf 87' lang='lat'>260</span> 
     </span>
     <span class='ocr_line' id='line_1_44' title="bbox 776 1967 2054 2024; baseline 0.002 -15"><span class='ocrx_word' id='word_1_170' title='bbox 776 1967 1040 2022; x_wconf 87' lang='lat' dir='ltr'>Designatio</span> <span class='ocrx_word' id='word_1_171' title='bbox 1050 1983 1126 2024; x_wconf 90' lang='lat' dir='ltr'>per</span> <span class='ocrx_word' id='word_1_172' title='bbox 1138 1970 1383 2013; x_wconf 84' lang='lat' dir='ltr'>Robertum</span> <span class='ocrx_word' id='word_1_173' title='bbox 1396 1968 1699 2024; x_wconf 87' lang='lat' dir='ltr'>Elphinstoun</span> <span class='ocrx_word' id='word_1_174' title='bbox 1714 1970 1900 2012; x_wconf 89' lang='lat' dir='ltr'>duorum</span> <span class='ocrx_word' id='word_1_175' title='bbox 1912 1968 2054 2024; x_wconf 86' lang='lat' dir='ltr'>capel-</span> 
     </span>
     <span class='ocr_line' id='line_1_45' title="bbox 885 2037 2225 2093; baseline -0.001 -13"><span class='ocrx_word' id='word_1_176' title='bbox 885 2037 1087 2081; x_wconf 89' lang='lat' dir='ltr'>lanorum</span> <span class='ocrx_word' id='word_1_177' title='bbox 1111 2038 1186 2093; x_wconf 90' lang='lat' dir='ltr'>qui</span> <span class='ocrx_word' id='word_1_178' title='bbox 1209 2039 1482 2083; x_wconf 86' lang='lat' dir='ltr'>confratrum</span> <span class='ocrx_word' id='word_1_179' title='bbox 1499 2039 1662 2083; x_wconf 88' lang='lat' dir='ltr'>delicta</span> <span class='ocrx_word' id='word_1_180' title='bbox 1680 2045 1901 2082; x_wconf 87' lang='lat' dir='ltr'>notarent.</span> <span class='ocrx_word' id='word_1_181' title='bbox 1945 2049 2054 2092; x_wconf 89' lang='lat'>1530</span> <span class='ocrx_word' id='word_1_182' title='bbox 2144 2037 2225 2090; x_wconf 85' lang='lat'>263</span> 
     </span>
     <span class='ocr_line' id='line_1_46' title="bbox 774 2106 2226 2162; baseline 0.001 -14"><span class='ocrx_word' id='word_1_183' title='bbox 774 2106 910 2148; x_wconf 88' lang='lat' dir='ltr'>Carta</span> <span class='ocrx_word' id='word_1_184' title='bbox 934 2106 1150 2150; x_wconf 88' lang='lat' dir='ltr'>Iohannis</span> <span class='ocrx_word' id='word_1_185' title='bbox 1170 2109 1505 2162; x_wconf 84' lang='lat' dir='ltr'>Waus.1553</span> <span class='ocrx_word' id='word_1_186' title='bbox 2043 2139 2052 2149; x_wconf 92' lang='lat'><strong>.</strong></span> <span class='ocrx_word' id='word_1_187' title='bbox 2144 2107 2226 2161; x_wconf 87' lang='lat'>264</span> 
     </span>
     <span class='ocr_line' id='line_1_47' title="bbox 771 2174 2051 2231; baseline 0.001 -15"><span class='ocrx_word' id='word_1_188' title='bbox 771 2174 1063 2218; x_wconf 88' lang='lat' dir='ltr'>Confirmatio</span> <span class='ocrx_word' id='word_1_189' title='bbox 1116 2175 1265 2220; x_wconf 89' lang='lat' dir='ltr'>Iacobi</span> <span class='ocrx_word' id='word_1_190' title='bbox 1310 2177 1491 2220; x_wconf 90' lang='lat' dir='ltr'>Huntar</span> <span class='ocrx_word' id='word_1_191' title='bbox 1531 2177 1585 2219; x_wconf 91' lang='lat' dir='ltr'>de</span> <span class='ocrx_word' id='word_1_192' title='bbox 1634 2182 1753 2219; x_wconf 84' lang='lat' dir='ltr'>terra</span> <span class='ocrx_word' id='word_1_193' title='bbox 1804 2175 2051 2231; x_wconf 89' lang='lat' dir='ltr'>capellano-</span> 
     </span>
     <span class='ocr_line' id='line_1_48' title="bbox 883 2244 2224 2299; baseline 0.001 -15"><span class='ocrx_word' id='word_1_194' title='bbox 883 2256 996 2285; x_wconf 89' lang='lat' dir='ltr'>rum.</span> <span class='ocrx_word' id='word_1_195' title='bbox 1061 2255 1171 2299; x_wconf 87' lang='lat'>1574</span> <span class='ocrx_word' id='word_1_196' title='bbox 1258 2276 1268 2286; x_wconf 91' lang='lat'><strong>.</strong></span> <span class='ocrx_word' id='word_1_197' title='bbox 2043 2275 2052 2286; x_wconf 95' lang='lat'><strong>.</strong></span> <span class='ocrx_word' id='word_1_198' title='bbox 2143 2244 2224 2297; x_wconf 87' lang='lat'>265</span> 
     </span>
     <span class='ocr_line' id='line_1_49' title="bbox 772 2312 2052 2359; baseline 0.001 -4"><span class='ocrx_word' id='word_1_199' title='bbox 772 2313 808 2355; x_wconf 91' lang='lat' dir='ltr'>F</span> <span class='ocrx_word' id='word_1_200' title='bbox 812 2312 995 2356; x_wconf 86' lang='lat' dir='ltr'>undat1o</span> <span class='ocrx_word' id='word_1_201' title='bbox 1029 2314 1243 2358; x_wconf 90' lang='lat' dir='ltr'>Iohannis</span> <span class='ocrx_word' id='word_1_202' title='bbox 1268 2315 1413 2358; x_wconf 88' lang='lat' dir='ltr'>Waus</span> <span class='ocrx_word' id='word_1_203' title='bbox 1442 2314 1605 2359; x_wconf 88' lang='lat' dir='ltr'>missae</span> <span class='ocrx_word' id='word_1_204' title='bbox 1633 2313 1913 2358; x_wconf 87' lang='lat' dir='ltr'>dominicalis</span> <span class='ocrx_word' id='word_1_205' title='bbox 1943 2314 2052 2356; x_wconf 89' lang='lat' dir='ltr'>cele-</span> 
     </span>
     <span class='ocr_line' id='line_1_50' title="bbox 885 2384 2224 2440; baseline -0.001 -13"><span class='ocrx_word' id='word_1_206' title='bbox 885 2384 1080 2427; x_wconf 88' lang='lat' dir='ltr'>brandae</span> <span class='ocrx_word' id='word_1_207' title='bbox 1102 2386 1220 2440; x_wconf 88' lang='lat' dir='ltr'>apud</span> <span class='ocrx_word' id='word_1_208' title='bbox 1242 2386 1383 2429; x_wconf 89' lang='lat' dir='ltr'>altare</span> <span class='ocrx_word' id='word_1_209' title='bbox 1406 2385 1560 2429; x_wconf 87' lang='lat' dir='ltr'>Sancti</span> <span class='ocrx_word' id='word_1_210' title='bbox 1586 2385 1784 2429; x_wconf 86' lang='lat' dir='ltr'>Martini.</span> <span class='ocrx_word' id='word_1_211' title='bbox 1849 2396 1956 2439; x_wconf 87' lang='lat'>1553</span> <span class='ocrx_word' id='word_1_212' title='bbox 2041 2416 2051 2426; x_wconf 94' lang='lat'><strong>.</strong></span> <span class='ocrx_word' id='word_1_213' title='bbox 2100 2411 2104 2413; x_wconf 22' lang='grc' dir='ltr'><strong><em>Δ</em></strong></span> <span class='ocrx_word' id='word_1_214' title='bbox 2143 2384 2224 2439; x_wconf 89' lang='lat'>269</span> 
     </span>
     <span class='ocr_line' id='line_1_51' title="bbox 770 2452 2226 2509; baseline 0.001 -15"><span class='ocrx_word' id='word_1_215' title='bbox 770 2452 1124 2497; x_wconf 88' lang='lat' dir='ltr'>Instrumentum</span> <span class='ocrx_word' id='word_1_216' title='bbox 1155 2455 1331 2499; x_wconf 89' lang='lat' dir='ltr'>sasinae</span> <span class='ocrx_word' id='word_1_217' title='bbox 1362 2455 1576 2499; x_wconf 90' lang='lat' dir='ltr'>Iohannis</span> <span class='ocrx_word' id='word_1_218' title='bbox 1605 2457 1744 2498; x_wconf 81' lang='lat' dir='ltr'>Vaus.</span> <span class='ocrx_word' id='word_1_219' title='bbox 1815 2466 1922 2509; x_wconf 88' lang='lat'>1553</span> <span class='ocrx_word' id='word_1_220' title='bbox 2043 2486 2052 2496; x_wconf 92' lang='lat'><strong>.</strong></span> <span class='ocrx_word' id='word_1_221' title='bbox 2143 2466 2226 2509; x_wconf 89' lang='lat'>270</span> 
     </span>
     <span class='ocr_line' id='line_1_52' title="bbox 770 2521 2224 2580; baseline 0.001 -17"><span class='ocrx_word' id='word_1_222' title='bbox 770 2521 956 2576; x_wconf 89' lang='lat' dir='ltr'>Legatio</span> <span class='ocrx_word' id='word_1_223' title='bbox 978 2523 1179 2567; x_wconf 87' lang='lat' dir='ltr'>breviarii</span> <span class='ocrx_word' id='word_1_224' title='bbox 1202 2539 1227 2568; x_wconf 91' lang='lat' dir='ltr'>a</span> <span class='ocrx_word' id='word_1_225' title='bbox 1251 2525 1451 2568; x_wconf 90' lang='lat' dir='ltr'>Iohanne</span> <span class='ocrx_word' id='word_1_226' title='bbox 1474 2524 1643 2568; x_wconf 88' lang='lat' dir='ltr'>Litster</span> <span class='ocrx_word' id='word_1_227' title='bbox 1664 2524 1894 2580; x_wconf 88' lang='lat' dir='ltr'>capellano</span> <span class='ocrx_word' id='word_1_228' title='bbox 2043 2555 2052 2564; x_wconf 92' lang='lat'><strong>.</strong></span> <span class='ocrx_word' id='word_1_229' title='bbox 2144 2535 2224 2577; x_wconf 90' lang='lat'>272</span> 
     </span>
     <span class='ocr_line' id='line_1_53' title="bbox 772 2590 2223 2647; baseline 0.001 -16"><span class='ocrx_word' id='word_1_230' title='bbox 772 2590 1050 2634; x_wconf 90' lang='lat' dir='ltr'>Donationes</span> <span class='ocrx_word' id='word_1_231' title='bbox 1071 2606 1148 2647; x_wconf 92' lang='lat' dir='ltr'>per</span> <span class='ocrx_word' id='word_1_232' title='bbox 1170 2592 1450 2636; x_wconf 91' lang='lat' dir='ltr'>Willelmum</span> <span class='ocrx_word' id='word_1_233' title='bbox 1476 2594 1619 2636; x_wconf 90' lang='lat' dir='ltr'>Howe</span> <span class='ocrx_word' id='word_1_234' title='bbox 1658 2624 1668 2634; x_wconf 93' lang='lat'><strong>.</strong></span> <span class='ocrx_word' id='word_1_235' title='bbox 1918 2623 1928 2634; x_wconf 93' lang='lat'><strong>.</strong></span> <span class='ocrx_word' id='word_1_236' title='bbox 2166 2591 2223 2633; x_wconf 85' lang='lat' dir='ltr'>ib.</span> 
     </span>
     <span class='ocr_line' id='line_1_54' title="bbox 769 2658 2053 2715; baseline 0.001 -14"><span class='ocrx_word' id='word_1_237' title='bbox 769 2658 905 2702; x_wconf 88' lang='lat' dir='ltr'>Carta</span> <span class='ocrx_word' id='word_1_238' title='bbox 944 2659 1219 2704; x_wconf 84' lang='lat' dir='ltr'>feudifirmae</span> <span class='ocrx_word' id='word_1_239' title='bbox 1263 2662 1466 2706; x_wconf 88' lang='lat' dir='ltr'>Andreae</span> <span class='ocrx_word' id='word_1_240' title='bbox 1509 2661 1636 2704; x_wconf 91' lang='lat' dir='ltr'>Buck</span> <span class='ocrx_word' id='word_1_241' title='bbox 1675 2661 1729 2704; x_wconf 89' lang='lat' dir='ltr'>de</span> <span class='ocrx_word' id='word_1_242' title='bbox 1770 2659 1960 2715; x_wconf 86' lang='lat' dir='ltr'>piscaria</span> <span class='ocrx_word' id='word_1_243' title='bbox 2000 2661 2053 2702; x_wconf 90' lang='lat' dir='ltr'>de</span> 
     </span>
     <span class='ocr_line' id='line_1_55' title="bbox 880 2728 2226 2785; baseline 0.001 -15"><span class='ocrx_word' id='word_1_244' title='bbox 880 2728 1034 2772; x_wconf 86' lang='lat' dir='ltr'>surdis.</span> <span class='ocrx_word' id='word_1_245' title='bbox 1099 2731 1207 2785; x_wconf 86' lang='lat'>1558</span> <span class='ocrx_word' id='word_1_246' title='bbox 1257 2764 1266 2773; x_wconf 91' lang='lat'><strong>.</strong></span> <span class='ocrx_word' id='word_1_247' title='bbox 2144 2740 2226 2784; x_wconf 87' lang='lat'>273</span> 
     </span>
     <span class='ocr_line' id='line_1_56' title="bbox 766 2796 2227 2858; baseline 0 -17"><span class='ocrx_word' id='word_1_248' title='bbox 766 2796 940 2842; x_wconf 86' lang='lat' dir='ltr'>Tabula</span> <span class='ocrx_word' id='word_1_249' title='bbox 962 2813 1115 2852; x_wconf 66' lang='lat' dir='ltr'>regum</span> <span class='ocrx_word' id='word_1_250' title='bbox 1139 2800 1476 2858; x_wconf 86' lang='lat' dir='ltr'>principumque</span> <span class='ocrx_word' id='word_1_251' title='bbox 1497 2800 1697 2855; x_wconf 82' lang='lat' dir='ltr'>gentium</span> <span class='ocrx_word' id='word_1_252' title='bbox 1782 2833 1789 2843; x_wconf 78' lang='lat'><strong>.</strong></span> <span class='ocrx_word' id='word_1_253' title='bbox 2145 2799 2227 2854; x_wconf 88' lang='lat'>276</span> 
     </span>
    </p>
   </div>
  </div>
 </body>
</html>
