2524 3418
167 1159 223 1191 sol.
243 1157 324 1190 103¹

466 291 546 332 268
780 292 813 333 C
817 293 1051 345 ‹mfirnmtio
1081 292 1222 332 Iacobi
1252 292 1403 332 lzuntar
1433 292 1479 332 de
1511 296 1617 333 terra
1648 291 1948 346 capellanorum

466 406 589 446 firme
622 407 676 447 ad
710 406 923 447 terminos
955 405 1280 460 suprascriptos
1310 406 1378 447 vel
1412 405 1527 448 intra
1559 406 1853 460 quadraginta
1879 407 1973 448 dies
1997 405 2263 448 Immediate

467 480 565 526 post
604 473 844 526 quemlibet
883 473 1123 514 terminum
1162 473 1334 527 integra
1367 473 1586 515 solutione
1623 488 1711 515 non
1747 474 1867 516 facta
1898 480 2004 516 tunc
2036 480 2079 516 et
2111 473 2155 515 in
2188 473 2263 515 illo

466 555 571 583 casu
606 541 843 582 infeodatio
877 541 1128 594 huiusmodj
1153 548 1268 582 terre
1301 541 1530 583 concessio
1563 542 1606 582 in
1638 541 1886 583 feudifirma
1909 541 2073 583 nullius
2095 540 2264 584 roboris

465 609 545 650 erit
569 616 645 650 aut
674 608 886 649 momenti
921 610 979 649 Et
1013 608 1182 650 licitum
1217 608 1298 650 erit
1331 608 1458 650 nobis
1490 615 1532 650 et
1566 609 1730 651 nostris
1762 609 2092 652 successoribus
2113 609 2263 651 huius-

466 677 583 718 modi
607 685 767 718 terram
793 690 1067 718 reassumere
1091 683 1132 717 et
1157 690 1288 730 super
1317 677 1471 718 eadem
1496 683 1537 718 et
1561 678 1616 718 ad
1645 683 1794 719 nostre
1815 676 2060 718 voluntatis
2088 676 2262 718 libitum

465 745 697 799 disponere
739 746 905 798 absque
952 744 1060 785 iuris
1101 758 1311 798 processu
1353 746 1416 785 Ac
1459 744 1712 786 huiusmodi
1763 751 1879 787 terra
1920 745 1964 786 in
2004 744 2264 786 fewdifirma

465 827 691 866 nunquam
715 827 928 854 concessa
949 812 1103 853 fuisset
1127 826 1299 854 necnon
1318 812 1500 866 quilibet
1524 814 1576 854 de
1599 827 1715 854 nouo
1737 812 1910 854 intrans
1932 813 1988 854 ad
2010 811 2264 854 huiusmodi

465 889 626 922 terram
671 881 913 934 duplicabit
957 880 1209 922 huiusmodi
1256 880 1550 922 feudifirmam
1592 881 1636 922 in
1680 895 1759 923 suo
1800 880 1943 935 primo
1984 881 2167 923 introitu
2209 881 2264 923 ad

464 950 651 990 eandam
675 957 719 990 vt
745 949 879 990 moris
911 956 976 990 est
1018 949 1264 990 feudifirme
1299 950 1363 990 IN
1399 949 1526 991 cuius
1557 949 1617 991 rei
1649 950 1956 992 testimonium
1986 949 2265 1004 presentibus

465 1016 865 1070 subscriptionibus
888 1016 1051 1058 nostris
1074 1017 1356 1058 manualibus
1378 1017 1596 1059 roboratis
1614 1017 1808 1072 sigillum
1828 1032 2063 1059 commune
2082 1016 2264 1072 capituli

465 1084 602 1126 nostri
640 1085 830 1138 appendi
868 1085 1054 1126 fecimus
1090 1086 1220 1139 Apud
1258 1085 1465 1126 abirdene
1502 1092 1662 1127 octauo
1700 1086 1768 1127 die
1806 1086 1972 1127 mensis
2011 1086 2111 1127 Iulii
2147 1100 2265 1128 anno

465 1152 631 1194 domini
665 1152 902 1194 millesimo
935 1153 1291 1207 quingentesimo
1324 1154 1654 1208 septuagesimo
1692 1160 1848 1208 quarto
1881 1155 2043 1197 Coram
2075 1153 2266 1196 testibus

464 1220 642 1274 georgio
666 1221 912 1275 straquhyn
937 1221 1149 1274 magistro
1172 1221 1327 1262 thoma
1350 1221 1579 1276 malysone
1608 1223 1773 1263 andrea
1799 1222 2064 1276 garreaucht
2087 1221 2266 1277 georgio

465 1289 567 1330 blak
599 1288 778 1330 henrico
813 1289 976 1330 multra
1013 1290 1179 1330 Ioanne
1207 1289 1405 1330 chalmer
1436 1296 1478 1331 et
1512 1289 1727 1344 magistro
1763 1291 1931 1332 Ioanne
1966 1291 2169 1345 kennedy
2191 1290 2264 1332 Sic

465 1355 756 1397 subscribitur
781 1357 973 1397 Ioannes
996 1356 1238 1398 collisoune
1260 1356 1451 1398 vicarius
1478 1371 1613 1399 manu
1636 1357 1813 1411 propria
1836 1357 2049 1412 magister
2072 1359 2266 1400 Ioannes

464 1424 667 1478 kennedy
686 1438 821 1466 manu
839 1424 1016 1478 propria
1033 1424 1223 1466 willeam
1242 1425 1392 1466 valcar
1407 1432 1466 1466 wt
1490 1440 1564 1479 my
1581 1425 1700 1467 hand
1718 1425 1924 1468 dominus
1949 1427 2141 1468 Ioannes
2163 1426 2266 1468 blak

465 1506 600 1533 manu
635 1492 811 1546 propria
845 1492 1052 1533 dominus
1089 1493 1280 1534 Ioannes
1312 1492 1468 1546 vrycht
1504 1507 1584 1535 sua
1621 1507 1757 1535 manu
1799 1493 2012 1548 magister
2045 1495 2267 1536 eduardus

467 1574 675 1614 mengzes
701 1574 837 1602 manu
869 1559 1045 1614 propria
1072 1574 1144 1614 syr
1175 1561 1322 1602 Iames
1352 1559 1531 1615 barelay
1559 1560 1770 1603 collector
1797 1561 1863 1602 for
1888 1575 1942 1616 ye
1970 1567 2092 1616 tyme
2119 1568 2166 1604 vt
2192 1575 2267 1616 my

469 1628 588 1670 hand

643 1776 742 1817 Hoc
765 1780 832 1816 est
846 1789 998 1816 verum
1017 1775 1242 1829 exemplar
1259 1774 1352 1817 siue
1369 1782 1726 1831 transsumptum
1745 1775 2002 1831 principalis
2024 1781 2144 1818 carte
2166 1790 2267 1818 con-

640 1842 906 1885 firmationis
929 1843 1073 1897 sigillo
1096 1844 1322 1885 communi
1345 1844 1562 1886 dictorum
1591 1845 1922 1899 capellanorum
1944 1845 2202 1887 roboratum
2224 1851 2269 1887 et

642 1911 1042 1966 subscriptionibus
1077 1911 1170 1953 suis
1204 1912 1426 1954 munitum
1458 1914 1510 1954 In
1540 1913 1746 1955 omnibus
1775 1927 1876 1955 cum
1905 1912 2138 1967 principali
2167 1927 2269 1956 con-

641 1982 829 2023 cordans
866 1980 926 2021 nil
964 1980 1115 2023 addito
1146 1981 1214 2022 vel
1252 1981 1471 2024 diminuto
1506 1983 1622 2036 quod
1655 1982 1761 2025 facti
1793 1981 2092 2024 substantiam
2125 1989 2267 2025 mutet

641 2056 717 2091 aut
747 2048 1023 2090 intellectum
1052 2049 1192 2091 variet
1222 2049 1560 2091 collationatum
1590 2056 1633 2092 et
1658 2049 1966 2104 equiparatum
1996 2050 2267 2093 authoritate

642 2117 907 2159 balliuorum
950 2117 1075 2171 burgi
1117 2119 1170 2159 de
1212 2118 1419 2159 abirdene
1463 2118 1666 2160 Iudicum
1709 2118 2031 2160 ordinariorum
2072 2118 2267 2160 authori-

641 2192 780 2227 tatem
815 2200 942 2227 suam
985 2185 1087 2228 huic
1122 2193 1429 2240 transsumpto
1466 2185 1842 2240 interponentium
1876 2199 1954 2240 per
1994 2200 2065 2227 me
2106 2187 2268 2241 magis-

642 2260 760 2295 trum
790 2255 1004 2296 Ioannem
1034 2255 1249 2309 Kennedy
1277 2254 1467 2296 scribam
1498 2254 1623 2309 burgi
1649 2255 1702 2296 de
1731 2254 1939 2297 abirdene
1965 2267 2016 2296 ac
2043 2254 2266 2298 notarium

644 2323 870 2378 publicum
901 2324 1201 2378 subscriptum

816 2464 886 2505 Ita
920 2469 987 2505 est
1025 2462 1239 2518 magister
1276 2464 1468 2506 Ioannes
1504 2463 1708 2517 kennedy
1740 2460 1939 2504 notarius
1975 2461 2180 2516 publicus
2215 2478 2267 2507 ac

929 2532 1055 2587 burgi
1107 2534 1160 2574 de
1211 2532 1392 2575 abirden
1443 2532 1587 2575 scriba
1639 2530 1890 2574 communis
1941 2544 2019 2585 pro
2069 2537 2269 2588 tempore

929 2617 1064 2644 manu
1097 2603 1273 2657 propria

816 2672 886 2713 Ita
923 2679 989 2713 est
1032 2671 1244 2726 magister
1283 2671 1485 2714 Thomas
1522 2671 1783 2726 malysoune
1825 2671 2026 2714 notarius
2067 2671 2270 2727 publicus

933 2755 1068 2782 manu
1091 2741 1268 2795 propria

712 2499 753 2734 eqdeffionqo
