2524 3418
286 2334 410 2364 Turinc

286 2819 408 2850 Vokctt

593 276 640 315 14
976 264 1226 305 Ornamcnta
1261 264 1377 305 varia
1410 263 1589 305 Ecclesia
1621 264 1765 306 Sancti
1796 264 1995 306 Nicholai

587 377 874 420 decoracione
917 386 958 420 et
996 378 1285 421 veneracione
1333 377 1616 420 sanctissime
1666 378 1822 420 matris
1865 386 2014 421 nostre
2055 379 2239 422 ecclesie
2277 379 2390 422 sicut

586 447 780 489 fecerunt
824 447 973 502 populi
1011 448 1271 489 hebreorum
1310 454 1355 489 vt
1393 447 1436 488 in
1479 447 1665 489 historia
1707 447 1879 502 legitur,
1909 449 2191 490 Ornauerunt
2231 448 2389 491 faciem

587 516 739 570 templi
773 516 947 558 coronis
980 517 1124 558 aureis
1147 524 1189 558 et
1213 516 1529 558 dedicauerunt·
1564 517 1703 558 altare
1736 516 1916 559 domino
1938 523 1980 558 et
2003 517 2121 559 facta
2149 523 2215 559 est
2242 517 2391 560 leticia

587 600 749 640 magna
773 586 814 626 in
840 586 1001 640 populo
1034 586 1133 640 Filij
1160 586 1293 639 igitur
1319 586 1508 639 benigno
1538 586 1695 640 spiritu
1725 587 1930 640 operibus
1959 586 2159 628 caritatis
2191 586 2390 641 instigati

586 656 640 696 ab
664 655 846 709 antiquo
878 662 1147 696 ornauerunt
1171 655 1328 697 faciem
1363 662 1516 697 sancte
1541 655 1696 697 matris
1723 663 1871 698 nostre
1904 655 2089 698 ecclesie
2110 655 2390 698 vestimentis

587 724 732 765 aureis
751 724 972 777 argenteis
995 732 1037 766 et
1062 724 1325 766 bombicinis
1348 725 1441 767 auri
1465 725 1598 766 textis
1619 725 1903 780 ymaginibus
1926 725 2176 768 lucentibus
2201 726 2391 780 gemmis

588 793 798 846 preciosis
833 793 1046 836 calicibus
1077 794 1304 837 codicibus
1336 795 1567 850 campanis
1599 802 1641 838 et
1676 796 1775 838 aliis
1809 796 2071 838 vtensilibus
2103 798 2157 838 ad
2189 796 2389 839 diuinum

583 863 843 916 obsequium
875 870 916 905 et
949 863 1244 906 ministerium
1278 864 1647 907 conuenientibus
1677 867 1736 907 Et
1763 865 2079 908 dedicauerunt
2112 865 2226 908 idest
2259 866 2390 908 sacri-

584 931 828 974 ficauerunt
867 933 1006 974 altare
1043 933 1223 975 domino
1261 934 1501 976 honorifice
1539 934 1582 975 in
1620 936 1799 977 odorem
1837 935 2075 977 suauitatis
2116 935 2391 978 holocaustis

583 1001 813 1056 sacrificijs
833 1002 982 1044 missis
1004 1003 1189 1045 decimis
1216 1004 1440 1059 premicijs
1462 1011 1504 1046 et
1528 1004 1864 1047 obulacionibus
1888 1004 2192 1059 spiritualibus
2209 1005 2391 1060 jeiunijs

581 1078 624 1112 et
654 1071 934 1114 oracionibus
968 1071 1011 1114 in
1043 1073 1252 1128 hympnis
1284 1081 1325 1115 et
1360 1073 1712 1116 confessionibus
1738 1080 1780 1116 et
1807 1074 2011 1116 dulcibus
2043 1074 2230 1116 canticis
2262 1075 2390 1117 bene-

581 1141 787 1184 dicebant
833 1142 1062 1185 dominum
1115 1145 1174 1185 Et
1226 1143 1288 1185 sic
1330 1144 1448 1186 facta
1489 1150 1556 1186 est
1599 1143 1746 1186 leticia
1789 1159 1952 1198 magna
1993 1143 2036 1185 in
2078 1144 2242 1198 populo
2285 1145 2390 1187 Ideo

578 1211 736 1253 fratres
770 1212 957 1255 letemur
989 1227 1070 1256 nos
1102 1220 1144 1256 et
1180 1214 1478 1257 Iocundemur
1508 1213 1749 1269 gliscentes
1781 1228 1932 1256 eorum
1958 1213 2146 1269 vestigia
2178 1214 2391 1257 beneuole

577 1289 844 1334 proscrutarl

693 1421 1028 1474 [V]enerabiles
1074 1421 1201 1463 multi
1241 1428 1344 1464 ante
1391 1436 1472 1464 nos
1504 1422 1678 1464 fuerunt
1717 1421 1991 1476 temporibus
2030 1420 2122 1463 suis
2157 1421 2230 1476 qui
2268 1420 2388 1464 ducti

580 1489 826 1532 deuocione
859 1506 1022 1545 magna
1054 1491 1097 1533 in
1131 1492 1296 1534 honore
1329 1492 1397 1534 dei
1431 1492 1751 1547 omnipotentis
1785 1499 1938 1534 sancte
1971 1492 2108 1534 marie
2129 1492 2314 1547 virginis
2339 1507 2390 1535 ac

581 1558 827 1601 beatissimi
851 1561 1115 1603 confessoris
1133 1561 1249 1604 beati
1275 1561 1482 1604 Nicholai
1501 1561 1675 1617 patroni
1694 1561 1833 1604 nostri
1849 1568 1890 1603 et
1909 1561 2108 1604 omnium
2133 1569 2388 1604 sanctorum

582 1628 650 1670 dei
669 1630 990 1672 decorauerunt
1009 1637 1051 1672 et
1070 1633 1398 1673 adornauerunt
1418 1639 1606 1673 matrem
1631 1638 1829 1674 nostram
1854 1631 2130 1686 spiritualem
2153 1631 2388 1674 ecclesiam

583 1698 884 1751 parochialem
909 1701 961 1742 de
984 1701 1214 1743 Aberdene
1241 1701 1441 1755 pluribus
1468 1701 1697 1756 beneficijs
1719 1708 1761 1743 et
1785 1701 1990 1756 operibus
2013 1701 2182 1744 sanctis
2203 1717 2388 1756 quorum

582 1768 764 1810 nomina
787 1768 830 1810 in
855 1769 964 1812 libro
993 1769 1081 1812 vite
1112 1778 1214 1813 sunt
1245 1770 1404 1813 merita
1427 1771 1470 1813 in
1494 1771 1601 1813 celis
1624 1778 1665 1813 et
1690 1771 1836 1813 anime
1867 1778 2123 1813 sanctorum
2156 1773 2390 1826 coequales

581 1844 623 1878 et
650 1837 738 1880 fere
767 1853 918 1881 eorum
952 1840 1134 1883 nomina
1160 1848 1202 1883 ct
1230 1856 1363 1895 opera
1395 1848 1552 1883 sancta
1582 1842 1713 1884 modo
1745 1842 1981 1883 traduntur
2006 1840 2218 1883 obliuioni
2251 1843 2338 1884 Sed
2365 1857 2390 1884 o

582 1922 714 1960 quam
744 1908 926 1963 dignum
957 1917 999 1952 et
1027 1910 1193 1952 iustum
1218 1918 1284 1952 est
1307 1918 1349 1953 et
1372 1911 1454 1953 toti
1484 1911 1651 1953 racioni
1678 1925 1923 1954 consonum
1950 1917 1998 1953 ut
2024 1910 2206 1953 nomina
2237 1926 2389 1954 eorum

582 1984 624 2018 et
654 1979 769 2020 bona
801 1993 934 2033 opera
965 1981 1020 2022 ad
1054 1980 1314 2023 memoriam
1349 1996 1610 2024 reuocemus
1642 1988 1689 2023 ut
1722 1982 1775 2024 de
1808 1982 1922 2024 bono
1954 1995 2036 2035 ope
2067 1987 2110 2022 et
2149 1980 2391 2024 deuocione

582 2046 769 2100 proximi
799 2048 992 2091 habeant
1019 2050 1271 2104 exemplum
1295 2057 1338 2092 et
1361 2050 1608 2105 glorificent
1637 2052 1769 2093 deum
1799 2057 2000 2092 nostrum
2024 2049 2097 2104 qui
2120 2049 2164 2091 in
2187 2049 2294 2092 celis
2322 2057 2390 2092 est

583 2131 659 2170 per
695 2131 824 2170 quem
866 2118 1016 2161 omnia
1051 2119 1170 2162 facta
1214 2127 1317 2162 sunt
1355 2127 1397 2162 et
1435 2120 1530 2162 sine
1573 2135 1659 2174 quo
1695 2120 1863 2162 factum
1897 2126 1963 2161 est
1998 2118 2135 2161 nichil
2179 2117 2248 2161 cui
2292 2119 2390 2162 laus

584 2194 784 2241 potestas
811 2187 1045 2243 imperium
1072 2196 1115 2232 et
1141 2190 1282 2245 gloria
1307 2191 1418 2233 fiunt
1445 2205 1522 2245 per
1546 2189 1720 2232 infinita
1746 2190 1996 2232 seculorum
2024 2189 2173 2232 secula
2202 2203 2333 2232 amen

701 2327 878 2380 [AJnno
912 2329 1078 2371 domini
1120 2330 1360 2373 Millesimo
1398 2330 1702 2373 tricentesimo
1739 2329 2080 2385 quadragesimo
2115 2330 2390 2373 venerabiles

585 2395 666 2437 viri
700 2397 963 2440 VVillermus
995 2401 1048 2442 de
1080 2407 1237 2456 turyne
1276 2402 1533 2455 Stephanus
1565 2402 1618 2443 de
1651 2400 1845 2443 manuell
1881 2407 1923 2442 et
1959 2400 2303 2442 Bettholomeus
2336 2401 2390 2442 de

585 2465 848 2519 Eglishame
891 2477 1160 2513 ornauerunt
1203 2471 1439 2513 ecclesiam
1482 2470 1782 2526 parochialem
1826 2468 1932 2512 dicti
1974 2469 2099 2524 burgi
2141 2471 2194 2512 de
2230 2469 2389 2524 princi-

584 2535 749 2589 paliore
791 2544 832 2579 et
876 2538 1042 2581 maiore
1082 2540 1290 2595 ymagine
1333 2540 1476 2583 sancti
1503 2539 1728 2597 nNicholai
1771 2539 1815 2582 in
1857 2539 2002 2582 medio
2044 2538 2194 2594 magni
2236 2538 2390 2582 altaris

584 2607 750 2650 situata
783 2624 968 2663 quorum
1002 2610 1177 2654 animas
1208 2612 1392 2667 recipiat
1426 2614 1534 2655 deus
1564 2611 1608 2653 in
1640 2618 1839 2653 eternam
1873 2609 2175 2652 saluacionem
2198 2623 2276 2664 pro
2309 2623 2389 2652 sua

583 2677 748 2731 pietate

698 2816 772 2869 [A]
786 2831 874 2859 nno
896 2818 1062 2860 domini
1089 2819 1330 2863 Millesimo
1351 2820 1656 2863 tricentesimo
1679 2818 2020 2874 quadragesimo
2046 2819 2218 2872 Ymago
2245 2817 2388 2860 sancti

585 2883 791 2927 Nicholai
819 2888 873 2929 ad
900 2890 1142 2931 australem
1175 2898 1345 2944 partem
1370 2891 1520 2944 magni
1554 2889 1708 2932 altaris
1740 2888 1953 2931 antedicti
1976 2888 2142 2930 situata
2168 2887 2275 2931 inibi
2306 2887 2388 2930 fuit
