2524 3418
219 648 375 680 dominus
384 648 483 680 dauid

219 692 327 723 &Vnus
340 693 484 724 vicarius

217 736 258 767 de
276 736 387 767 banfl'e

216 1932 270 1964 sol.
293 1933 332 1964 89
345 1930 358 1950 ²

218 2017 339 2049 Obitus
356 2027 460 2059 quon-

217 2061 294 2092 dam
313 2061 399 2093 bone

217 2105 378 2136 memorie

217 2148 461 2180 venerabilium

217 2191 361 2222 virorum

217 2235 343 2265 domini
361 2234 461 2265 dauid

218 2278 327 2309 XVaus
344 2278 457 2320 vicarij

218 2321 258 2352 de
275 2321 360 2352 bans
372 2328 405 2352 et

217 2365 372 2405 magistri

217 2408 332 2439 thome
349 2408 459 2439 Waus

218 2451 422 2492 precentoris

219 2495 443 2527 morauiensis

218 2662 339 2693 Obitus
356 2672 460 2704 quon-

217 2705 294 2736 dam
315 2706 470 2747 Duncanj

217 2749 286 2779 ciat
303 2755 335 2780 et
354 2749 458 2780 Elene

217 2792 285 2823 clat

517 311 596 342 222
973 299 1144 341 chtale
1176 298 1357 340 obituum
1388 302 1424 339 et
1454 298 1853 341 Anniuersariormn

516 422 691 456 tantum
716 414 850 456 libero
873 420 1128 455 tenemento
1151 413 1348 454 eiusdem
1372 413 1490 455 dieto
1515 413 1703 455 Iohanni
1726 428 1804 468 pro
1837 420 2037 469 tempore
2059 414 2149 456 vite
2171 430 2248 457 sue
2270 422 2322 457 et⁴

518 484 662 525 medio
684 491 882 537 tempore
905 483 1076 524 nullum
1100 482 1174 523 fiet
1199 481 1435 524 seruicium

631 644 909 686 Venerabilis
946 644 1011 685 vir
1051 644 1258 687 dominus
1299 645 1432 688 dauid
1473 647 1619 689 Waus
1659 645 1850 689 vicarius
1891 649 1943 690 de
1984 648 2108 690 banff
2144 648 2310 703 legauit

515 714 700 755 ecclesie
724 713 840 755 beati
864 713 1055 768 nicholaj
1085 716 1137 756 de
1160 714 1379 757 Abirdene
1403 722 1444 756 et
1469 716 1711 770 capellanis
1735 716 1906 772 collegij
1933 717 2129 759 eiusdem
2152 724 2195 760 et
2219 717 2310 760 suis

516 783 856 825 Successoribus
878 798 1010 826 vnam
1036 784 1366 838 Supellectilem
1401 785 1439 826 le
1462 787 1621 827 Arrass
1653 787 1760 828 bede
1793 786 2131 841 cooperiendam
2157 801 2310 829 monu-

514 860 664 894 menta
687 860 728 894 et
752 854 928 895 tabulas
951 855 1172 908 quondam
1206 855 1318 896 bone
1346 855 1556 897 memorie
1588 857 1762 897 Andree
1795 856 1911 911 alanj
1947 856 2156 912 prepositi
2178 856 2311 899 huius

512 923 636 977 burgi
669 923 849 965 cristine
888 924 1069 966 Cadiow
1110 938 1271 978 sponse
1313 939 1389 966 sue
1427 931 1469 966 et
1508 939 1634 966 suam
1667 926 1865 968 tabulam
1903 927 1967 968 Ac
2003 941 2158 968 omnes
2199 926 2311 969 alias

512 993 687 1034 tabulas
710 993 1040 1047 capellanorum
1074 1008 1125 1036 ac
1155 994 1342 1036 aliorum
1367 1009 1730 1049 quorumcunque
1753 995 1864 1038 infra
1886 996 2050 1038 dictam
2074 995 2309 1038 ecclesiam

512 1061 555 1102 in
579 1069 776 1116 tempore
807 1063 1117 1104 deseruitionis
1150 1078 1330 1105 suorum
1364 1063 1564 1106 obituum
1588 1071 1630 1106 et
1653 1064 2069 1107 Anniuersariorum
2097 1079 2197 1107 cum
2225 1065 2309 1107 hac

511 1131 762 1173 conditione
785 1133 900 1185 quod
924 1132 1072 1173 nullus
1094 1132 1263 1174 auferat
1287 1147 1384 1174 eam
1409 1133 1460 1174 de
1484 1132 1672 1174 ecclesia
1703 1132 1920 1187 prelibata
1954 1134 2034 1176 sub
2057 1147 2171 1188 pena
2193 1134 2310 1176 Ana-

510 1201 723 1242 thematis
761 1200 854 1242 siue
891 1201 979 1243 late
1013 1203 1174 1243 Actum
1213 1208 1255 1243 et
1294 1201 1594 1257 subscriptum
1628 1217 1708 1244 sua
1744 1202 1920 1257 propria
1953 1217 2087 1245 manu
2122 1204 2310 1257 Insuper

509 1270 682 1312 ordauit
711 1270 802 1324 [sic]
830 1270 994 1312 locauit
1027 1277 1069 1312 et
1103 1270 1249 1325 posuit
1282 1272 1468 1313 eandem
1503 1271 1822 1326 supellectilem
1856 1271 1900 1313 in
1933 1272 2059 1314 firma
2093 1271 2308 1316 Custodia

509 1341 686 1383 discreti
709 1341 788 1383 viri
812 1341 979 1383 domini
1014 1341 1229 1383 Iohannis
1261 1342 1540 1384 strathachin
1574 1357 1653 1397 pro
1684 1349 1882 1397 tempore
1905 1357 1984 1384 suo
2008 1343 2067 1385 Et
2090 1348 2190 1397 post
2213 1341 2308 1384 eius

509 1411 740 1452 decessum
773 1417 849 1453 aut
882 1426 1106 1453 recessum
1139 1412 1191 1453 de
1224 1412 1446 1466 personali
1477 1412 1716 1455 residentia
1748 1413 1864 1455 dicte
1896 1413 2082 1455 ecclesie
2102 1412 2241 1455 voluit
2264 1419 2307 1455 et

508 1479 673 1534 legauit
711 1482 898 1522 eandem
936 1481 1062 1523 alteri
1103 1483 1276 1536 ydoneo
1302 1481 1534 1537 capellano
1583 1483 1756 1537 ydoneo
1787 1484 1839 1524 de
1873 1482 2070 1537 Collegio
2104 1482 2306 1537 eligendo

508 1563 585 1603 per
645 1550 888 1605 capitulum
947 1557 989 1592 et
1045 1551 1281 1605 collegium
1347 1551 1622 1594 antedictum
1679 1551 1791 1595 infra
1847 1551 2011 1594 dictam
2070 1550 2305 1593 ecclesiam

508 1619 835 1675 imperpetuum
867 1634 1128 1664 remansuro

682 1713 741 1754 Et
767 1714 864 1767 Ego
887 1713 1093 1756 dominus
1116 1714 1249 1756 dauid
1272 1715 1417 1758 Waus
1438 1714 1630 1758 vicarius
1661 1716 1714 1757 de
1746 1715 1854 1758 banf
1872 1715 2067 1770 approbo
2089 1714 2306 1770 premissa

678 1788 792 1824 teste
815 1796 950 1825 manu
973 1782 1150 1838 propria
1171 1790 1241 1825 etc

624 1931 784 1974 Obitus
806 1933 1028 1986 quondam
1053 1933 1165 1975 bone
1188 1932 1400 1975 memorie
1421 1933 1739 1975 venerabilium
1760 1933 1954 1976 virorum
1981 1933 2147 1989 dominj
2172 1934 2305 1978 dauid

507 2014 631 2042 waus
652 2000 801 2055 vicarij
831 2002 884 2043 de
916 2002 1023 2043 bans
1051 2008 1093 2044 et
1126 2002 1327 2057 magistri
1359 2002 1511 2044 thome
1546 2017 1670 2044 waus
1705 2003 1977 2057 precentoris
2013 2002 2306 2046 morauiensis

507 2085 692 2124 quorum
720 2071 1050 2114 anniuersarius
1082 2073 1315 2115 annuatim
1348 2072 1643 2115 celebrabitur
1674 2074 1730 2115 ad
1763 2073 1902 2115 altare
1936 2073 2090 2115 Sancti
2122 2072 2301 2128 martinj

504 2139 616 2182 infra
638 2140 872 2182 ecclesiam
906 2141 1022 2183 beati
1053 2141 1262 2196 nicholaij
1287 2142 1331 2183 in
1355 2142 1578 2184 dominica
1604 2142 1804 2196 proxima
1836 2149 1935 2196 post
1957 2142 2162 2184 Vltimum
2185 2142 2301 2184 diem

502 2210 652 2264 aprilis
673 2210 877 2253 videlicet
901 2213 1123 2254 cantando
1141 2212 1326 2254 missam
1350 2214 1403 2254 de
1425 2219 1531 2254 nota
1549 2227 1649 2254 cum
1667 2212 1882 2267 trigintali
1905 2226 1982 2267 per
2013 2211 2302 2254 Ebdomitam

501 2280 601 2322 inde
635 2288 893 2334 sequentem
926 2288 974 2323 ut
1008 2282 1145 2324 moris
1168 2289 1235 2324 est
1259 2284 1318 2324 Et
1342 2282 1601 2337 capellanus
1623 2289 1862 2337 perpetuus
1893 2281 2166 2325 fundationis
2195 2281 2301 2324 dicti

501 2350 702 2405 magistri
734 2351 886 2393 thome
918 2351 1113 2394 inueniet
1147 2352 1386 2394 luminaria
1418 2359 1487 2394 etc
1524 2367 1601 2407 pro
1634 2367 1720 2407 quo
1757 2352 1973 2407 capellanj
2015 2352 2303 2394 Infeodantur

501 2421 553 2462 de
585 2435 672 2462 vno
704 2435 852 2463 annuo
887 2422 1082 2464 Redditu
1113 2422 1186 2477 xiij
1213 2437 1233 2464 s
1256 2429 1299 2465 et
1323 2422 1383 2477 iiij
1409 2424 1435 2465 d
1458 2424 1511 2464 de
1533 2429 1651 2465 terra
1673 2422 1913 2465 Alexandri
1947 2423 2113 2478 nachty
2135 2422 2180 2464 in
2203 2422 2300 2465 vico

501 2490 725 2544 superiore
749 2491 951 2533 Ecclesie
974 2491 1171 2534 eiusdem
1196 2491 1326 2547 burgi

618 2644 778 2687 Obitus
811 2647 1034 2699 quondam
1068 2647 1180 2688 bone
1213 2646 1424 2688 memorie
1458 2646 1665 2700 Duncanj
1691 2645 1844 2688 clatet
1869 2645 2010 2687 Elene
2039 2659 2200 2700 sponse
2223 2659 2301 2686 sue

503 2727 689 2766 quorum
713 2714 1045 2757 anniuersarius
1077 2716 1310 2758 annuatim
1335 2716 1629 2758 celebrabitur
1651 2717 1705 2758 ad
1729 2716 1868 2757 altare
1892 2714 2045 2757 Sancti
2068 2714 2300 2756 michaelis

503 2781 547 2822 in
572 2782 794 2825 dominica
819 2785 870 2825 In
894 2785 1100 2838 passione
1127 2800 1228 2827 cum
1253 2785 1389 2827 missa
1413 2786 1464 2827 de
1488 2792 1594 2827 nota
1616 2792 1658 2826 et
1683 2784 1907 2839 trigintale
1942 2789 2201 2838 sequentem
2224 2797 2302 2837 per

503 2851 774 2893 ebdomitam
808 2859 855 2893 ut
889 2853 1025 2894 moris
1057 2860 1123 2896 est
1156 2868 1234 2908 pro
1267 2868 1352 2908 quo
1387 2854 1676 2895 Infeodantur
1705 2853 1934 2907 Capellanj
1959 2852 2004 2893 in
2025 2851 2182 2906 viginti
2205 2866 2225 2893 s
2248 2852 2301 2893 de

503 2926 619 2962 terra
642 2935 721 2963 sua
746 2924 926 2964 Iacente
949 2923 993 2964 in
1014 2923 1112 2966 vico
1136 2924 1360 2978 superiore
1382 2923 1568 2966 ecclesie
