2524 3418
253 736 453 767 Ans-truther

253 1155 355 1196 Craig

255 1509 361 1540 Bruce

255 1859 311 1891 fol.
331 1858 372 1890 5²

258 1925 367 1966 Leyth

260 2548 358 2579 Leith

546 271 596 312 16
930 268 1182 310 Ornamcnta
1214 266 1331 307 varia
1364 265 1543 307 Ecclesia
1575 265 1720 307 Sancti
1750 264 1950 306 Nicholai

545 385 656 427 siam
687 381 986 439 parochialem
1015 383 1067 424 de
1094 380 1316 435 completo
1338 378 1607 422 vestimento
1635 379 1899 422 sacerdotali
1927 380 1980 421 de
2001 379 2176 421 velueto
2203 379 2351 422 blauio

545 453 694 507 magni
737 452 869 508 precij
910 453 1121 494 deaurato
1160 464 1291 504 super
1327 450 1366 491 le
1403 449 1557 491 orfrois
1595 463 1646 491 ac
1683 449 1824 491 eciam
1862 449 1963 503 alijs
1997 449 2262 492 vtensilibus
2294 451 2348 491 ad

545 523 696 565 diuina
729 520 1096 564 conuenientibus
1129 519 1268 562 Cuius
1301 518 1497 561 animam
1531 520 1639 561 deus
1669 533 1746 573 pro
1776 533 1856 561 sua
1889 518 2053 574 pietate
2081 520 2135 561 ad
2162 518 2348 573 gloriam

547 595 757 648 perducat
792 599 990 633 eternam

662 732 838 784 [A]nno
884 728 1051 771 domini
1101 728 1341 770 Millesimo
1387 727 1690 770 tricentesimo
1741 727 2110 782 quinquagesimo
2157 730 2351 771 secundo

550 802 772 843 Iohannes
813 801 865 842 de
907 801 1150 854 Anstroyer
1191 798 1423 851 burgensis
1471 798 1576 840 dicti
1629 798 1753 851 burgi
1805 799 1980 841 ornauit
2025 799 2164 841 altare
2207 798 2351 841 sancti

549 871 755 914 Nicholai
792 872 845 912 de
880 869 1088 925 ymagine
1126 876 1279 911 sancte
1319 867 1455 910 marie
1494 883 1624 923 super
1666 883 1878 923 magnum
1917 868 2055 911 altare
2093 868 2260 911 situata
2300 882 2352 910 ex

547 950 671 997 parte
713 940 876 984 boreali
918 939 1130 982 antedicti
1169 938 1323 981 altaris
1360 938 1498 981 Cuius
1541 938 1687 981 anime
1725 938 1994 994 propicietur
2029 939 2137 980 deus
2173 944 2216 980 et
2253 951 2351 980 eam

547 1014 759 1069 perducat
793 1012 847 1054 ad
880 1010 1070 1065 patriam
1105 1009 1322 1052 claritatis
1355 1016 1503 1052 eterne

664 1152 738 1204 [A]
752 1164 840 1194 nno
859 1149 1025 1193 domini
1046 1149 1286 1192 Millesimo
1304 1148 1606 1191 tricentesimo
1625 1148 1992 1203 quinquagesimo
2009 1147 2146 1190 tercio
2167 1148 2354 1191 honora-

549 1223 650 1267 bilis
674 1221 740 1264 vir
771 1228 812 1263 et
842 1221 1040 1263 famosus
1075 1221 1264 1262 Iacobus
1293 1221 1345 1262 de
1373 1234 1478 1274 crag
1508 1219 1683 1262 ornauit
1717 1220 1855 1262 altare
1888 1218 2032 1261 sancti
2062 1217 2270 1260 Nicholai
2302 1219 2355 1260 de

550 1308 688 1350 parua
738 1291 946 1348 ymagine
999 1290 1142 1333 sancti
1196 1290 1403 1333 Nicholai
1452 1305 1583 1345 super
1628 1290 1743 1333 idem
1797 1290 1935 1332 altare
1976 1303 2130 1331 versus
2176 1289 2353 1332 boream

550 1364 716 1406 situata
748 1361 887 1405 Cuius
920 1360 1066 1404 anime
1100 1360 1352 1403 miseriatur
1384 1362 1492 1402 deus
1524 1368 1566 1402 et
1599 1361 1810 1415 perducat
1844 1361 1898 1402 ad
1930 1359 2116 1414 gloriam

665 1503 739 1556 [A]
753 1516 842 1544 nno
898 1501 1065 1544 domini
1124 1500 1364 1543 Millesimo
1419 1499 1723 1543 tricentesimo
1776 1498 2144 1555 quinquagesimo
2199 1503 2357 1553 quarto

552 1573 726 1616 Nobilis
766 1571 947 1615 domina
980 1579 1022 1613 et
1057 1572 1219 1613 deuota
1257 1570 1468 1613 cristiana
1506 1572 1558 1613 de
1594 1571 1634 1612 le
1671 1572 1804 1626 bruys
1845 1569 2020 1612 ornauit
2062 1569 2202 1611 altare
2238 1568 2356 1611 beati

551 1641 759 1684 Nicholai
786 1643 838 1684 de
865 1641 1003 1683 calice
1029 1647 1239 1695 argenteo
1266 1655 1366 1683 cum
1394 1640 1615 1695 lapidibus
1638 1640 1849 1696 preciosis
1875 1639 2021 1682 infixis
2048 1639 2187 1683 Cuius
2209 1639 2357 1681 anime

550 1711 820 1768 propicietur
845 1713 954 1754 deus
980 1711 1075 1754 sine
1101 1712 1187 1753 fine
1214 1726 1344 1753 amen

667 1853 741 1906 [A]
755 1866 843 1894 nno
875 1851 1042 1894 domini
1077 1851 1318 1894 Millesimo
1350 1851 1654 1894 tricentesimo
1682 1850 2050 1907 quinquagesimo
2083 1849 2237 1905 quinto
2263 1863 2357 1905 pre-

550 1923 669 1965 fatus
700 1922 964 1965 Willermus
995 1923 1048 1964 de
1080 1921 1187 1964 leith
1222 1928 1330 1964 tunc
1367 1921 1619 1976 prepositus
1655 1922 1760 1964 dicti
1798 1921 1923 1976 burgi
1960 1935 2061 1964 curn
2094 1918 2358 1962 assistencia

551 2000 594 2034 et
632 1991 850 2034 adiutorio
892 1991 1229 2034 communitatis
1270 1991 1468 2034 eiusdem
1511 1992 1627 2046 cepit
1668 1991 1882 2034 fabricare
1924 1991 2107 2033 chorum
2145 2004 2197 2032 ex
2233 1995 2358 2044 parte

553 2062 736 2104 australi
774 2062 903 2104 nauis
945 2062 1130 2104 ecclesie
1173 2064 1416 2105 extendens
1453 2063 1508 2105 ab
1545 2061 1674 2104 altari
1712 2061 1856 2104 sancti
1891 2060 2087 2103 leonardi
2127 2073 2266 2114 Vsque
2303 2061 2357 2102 ad

552 2131 874 2174 occidentalem
907 2132 1040 2174 finem
1067 2133 1136 2174 Ad
1169 2146 1301 2186 quam
1328 2147 1431 2174 vero
1459 2132 1671 2175 fabricam
1705 2133 1758 2174 de
1790 2131 1917 2174 bonis
1948 2129 2138 2185 proprijs
2169 2129 2358 2172 contulit

553 2200 847 2255 quadraginta
883 2200 1018 2244 libras
1061 2203 1120 2243 Et
1162 2202 1387 2244 residuum
1424 2216 1527 2244 vero
1568 2216 1862 2256 expensarum
1905 2201 2118 2243 collatum
2158 2199 2240 2242 fuit
2282 2214 2360 2254 per

553 2269 922 2312 communitatem
957 2272 1016 2312 Et
1049 2270 1195 2313 dictus
1226 2271 1490 2314 willermus
1523 2270 1704 2313 tradidit
1737 2277 1780 2312 et
1812 2269 1977 2324 legauit
2010 2269 2054 2310 in
2086 2274 2358 2311 testamento

554 2354 631 2382 sue
652 2339 806 2382 vltime
822 2340 1068 2382 voluntatis
1085 2342 1140 2383 ad
1157 2341 1370 2384 fabricam
1394 2341 1515 2384 chori
1538 2340 1727 2384 borealis
1749 2340 1865 2383 dicte
1882 2339 2151 2395 parochialis
2172 2337 2358 2381 ecclesie

554 2410 849 2466 quadraginta
875 2411 1009 2469 libras
1032 2413 1086 2454 ad
1109 2412 1243 2454 finem
1267 2427 1350 2466 que
1373 2426 1450 2467 per
1471 2413 1652 2455 modum
1677 2411 1797 2455 chori
1821 2410 2030 2454 australis
2051 2409 2341 2453 fabricaretur

670 2550 744 2603 [A]
758 2563 846 2592 nno
878 2549 1045 2592 domini
1080 2550 1320 2593 Millesimo
1352 2551 1656 2594 tricentesimo
1686 2549 2054 2605 quinquagesimo
2081 2555 2205 2592 sexto
2233 2549 2357 2591 Idem

555 2620 818 2663 willermus
844 2621 896 2662 de
923 2620 1030 2663 leith
1065 2622 1373 2676 augmentauit
1406 2623 1589 2664 chorum
1623 2623 1750 2664 beate
1771 2620 1955 2675 virginis
1986 2619 2124 2663 marie
2149 2619 2194 2661 in
2220 2618 2358 2673 longi-

554 2690 707 2732 tudine
744 2705 897 2732 versus
934 2698 1135 2733 austrum
1172 2707 1250 2746 per
1286 2691 1486 2747 spacium
1525 2691 1746 2734 sexdecim
1781 2693 1943 2746 pedum
1981 2697 2024 2732 et
2060 2689 2119 2733 ibi
2155 2688 2358 2732 fundauit

556 2760 694 2801 altare
737 2761 966 2802 beatorum
1019 2762 1230 2817 laurencij
1275 2769 1316 2804 et
1360 2762 1543 2804 Niniani
1586 2777 1636 2804 ac
1679 2762 1853 2805 ornauit
1895 2762 2003 2804 illud
2045 2761 2098 2803 de
2139 2759 2358 2802 dictorum

556 2837 811 2873 sanctorum
849 2831 1132 2886 ymaginibus
1174 2847 1305 2887 super
1340 2832 1456 2875 idem
1495 2833 1634 2875 altare
1672 2832 1850 2875 situatis
1880 2833 1944 2875 Ac
1980 2830 2122 2874 eciam
2160 2830 2213 2872 de
2249 2828 2360 2871 libro

556 2901 726 2944 missali
755 2909 797 2944 et
825 2903 1042 2946 breuiario
1074 2905 1183 2947 bene
1216 2904 1424 2947 litteratis
1447 2910 1489 2947 et
1512 2903 1679 2946 notatis
1709 2917 1760 2946 ac
1788 2904 1840 2945 de
1869 2900 2056 2945 diuersis
2081 2897 2361 2943 vestimentis
