2524 3418
261 1923 318 1956 fol.
337 1924 376 1955 65
387 1921 400 1942 ²

543 338 622 391 164
1165 336 1295 378 Carta
1325 335 1506 376 Patricii
1533 335 1718 390 gordoun

542 451 794 507 assignatos
812 464 1090 506 possessores
1112 449 1218 491 dicti
1240 448 1484 491 tenementi
1507 449 1694 491 deficere
1716 448 1760 490 in
1784 449 2116 491 sustentacione
2142 449 2338 493 eiusdem

542 525 585 567 in
601 523 732 566 tectis
749 530 824 565 aut
840 521 1002 575 tegulis
1016 534 1067 561 ex
1083 534 1168 573 quo
1186 519 1233 560 fit
1255 519 1454 560 Ruinosa
1472 520 1587 573 quod
1603 518 1717 560 absit
1734 532 1785 560 eo
1803 532 1909 560 casu
1925 518 2096 560 licitum
2115 519 2196 560 erit
2211 519 2341 561 dictis

543 595 709 637 Curato
731 600 773 634 et
797 590 1040 645 capellanis
1063 589 1223 630 habere
1249 590 1518 643 Regressum
1541 590 1596 630 ad
1612 588 1780 630 dictum
1796 594 2102 630 tenementum
2121 588 2216 630 sine
2238 603 2342 643 quo-

543 676 733 717 cumque
772 660 949 714 stripitu
985 658 1187 712 Iudicialj
1224 660 1282 700 Et
1318 659 1412 700 Nos
1447 673 1550 700 vero
1587 658 1692 700 dicti
1729 664 1911 700 curatus
1948 665 1990 700 et
2028 659 2246 713 capellanj
2282 659 2342 700 Et

545 735 834 776 Successores
876 729 1015 772 nostri
1061 729 1227 770 Totum
1265 735 1307 770 et
1350 728 1573 783 integrum
1616 728 1784 770 dictum
1822 734 2129 770 tenementum
2180 734 2344 770 terram

543 802 747 844 videlicet
780 799 1046 842 anteriorem
1077 797 1330 840 interiorem
1365 799 1525 840 Ortum
1549 805 1591 840 et
1625 798 1831 840 horreum
1865 798 2080 840 Eiusdem
2114 799 2228 841 Cum
2251 811 2345 853 per-

545 871 752 913 tinenciis
774 870 892 912 dicto
915 869 1155 911 alexandro
1175 868 1277 910 Suis
1299 868 1534 910 heredibus
1559 869 1617 910 Et
1636 867 1876 923 assignatis
1894 868 1938 909 in
1963 868 2183 911 Omnibus
2205 874 2248 910 et
2271 882 2348 923 per

546 940 695 982 omnia
713 948 759 982 ut
776 939 1041 994 premissum
1059 945 1124 980 est
1141 945 1295 980 contra
1315 939 1484 980 Omnes
1501 938 1712 980 mortales
1729 938 2108 980 varantizabimus
2125 938 2347 993 acquieta-

547 1010 693 1053 bimus
716 1017 758 1052 et
788 1010 1114 1064 imperpetuum
1146 1008 1433 1050 defendemus
1465 1008 1671 1050 omnibus
1703 1009 1803 1050 dolo
1836 1015 1878 1049 et
1910 1008 2062 1050 fraude
2085 1008 2270 1050 seclusis
2295 1009 2348 1050 In

548 1081 686 1124 Cuius
711 1079 792 1122 Rei
815 1079 1122 1122 testimonium
1147 1079 1250 1120 huic
1283 1078 1477 1132 presenti
1510 1085 1630 1120 carte
1659 1085 1809 1120 nostre
1841 1078 2048 1120 manibus
2074 1079 2348 1132 quorundem

548 1151 819 1193 confratrum
852 1157 1106 1192 nostrorum
1145 1148 1395 1203 subscripte
1433 1148 1638 1203 Sigillum
1674 1155 1823 1190 nostre
1860 1162 2097 1190 commune
2127 1162 2215 1190 vna
2247 1161 2349 1190 cum

550 1220 706 1275 Sigillo
740 1219 908 1261 henrici
948 1218 1093 1260 Irvein
1132 1217 1282 1272 balliuj
1324 1225 1427 1260 sunt
1463 1232 1661 1272 appensa
1694 1219 1823 1272 Apud
1861 1219 2048 1272 burgum
2083 1218 2136 1259 de
2169 1217 2351 1260 abirden

550 1296 674 1331 sexto
735 1289 804 1331 die
866 1287 1033 1330 mensis
1088 1287 1265 1342 augusti
1313 1288 1442 1329 Anno
1491 1287 1656 1342 dominj
1708 1286 1945 1329 millesimo
1994 1285 2352 1342 quingentesimo

548 1358 778 1414 trigesimo
801 1359 963 1401 Coram
993 1357 1183 1400 testibus
1211 1357 1412 1399 Iohanne
1442 1357 1643 1399 chalmar
1664 1357 1895 1399 Willelmo
1918 1357 2099 1399 chesom
2121 1356 2352 1400 Willelmo

549 1428 710 1470 tulidef
733 1429 897 1470 andrea
924 1428 1123 1470 lowsoun
1152 1428 1211 1468 Et
1239 1427 1477 1469 alexandro
1503 1426 1664 1481 ogilwy
1688 1427 1844 1469 thoma
1873 1427 2038 1469 huntar
2064 1427 2220 1469 thoma
2242 1426 2355 1470 blair

551 1496 786 1552 serjiandis
808 1512 911 1540 cum
938 1496 1128 1539 diuersis
1150 1496 1249 1539 aliis
1272 1503 1315 1538 et
1338 1496 1526 1551 singulis

757 1613 936 1669 Reliqua
959 1617 1059 1669 pars
1090 1612 1210 1654 huius
1232 1612 1336 1668 solii
1364 1612 1535 1654 nomina
1565 1612 1823 1668 signatorum
1853 1612 2001 1656 habens
2032 1617 2141 1655 caret

1305 1821 1618 1862 LXXXVIII.

673 1917 921 1960 MNIBUS
953 1916 1069 1958 hanc
1101 1916 1284 1959 Cartam
1307 1915 1468 1957 visuris
1489 1915 1558 1957 vel
1580 1914 1812 1957 Audituris
1836 1914 2057 1957 Patricius
2083 1915 2282 1970 gordoun
2305 1916 2359 1958 de

745 1987 933 2029 methlik
984 1988 1210 2028 Executor
1258 1985 1670 2028 testamentationis
1720 1992 1763 2028 et
1814 1987 2030 2028 bonorum
2080 1984 2362 2027 intromissor

559 2058 782 2113 quondam
822 2056 1037 2099 Iohannis
1073 2070 1253 2111 murray
1284 2055 1518 2110 burgensis
1554 2056 1607 2097 de
1638 2054 1819 2098 abirden
1857 2056 2072 2097 Eternam
2104 2054 2149 2096 in
2181 2054 2362 2097 domino

561 2128 762 2170 Salutem
793 2126 1021 2169 Noueritis
1047 2141 1118 2168 me
1141 2132 1320 2181 propter
1351 2126 1541 2168 salutem
1574 2125 1721 2167 anime
1753 2125 1910 2180 prefati
1945 2123 2160 2167 Iohannis
2191 2130 2234 2166 et
2266 2138 2362 2179 per-

560 2198 872 2253 implecionem
903 2197 1072 2252 legacie
1105 2198 1164 2239 Et
1190 2197 1344 2239 vltime
1375 2196 1621 2239 voluntatis
1652 2196 1850 2238 eiusdem
1884 2195 2058 2237 dedisse
2087 2194 2362 2237 concessisse

562 2269 622 2310 Et
655 2268 944 2310 confirmasse
976 2268 1164 2308 Necnon
1195 2273 1348 2309 tenore
1380 2265 1600 2321 presentis
1632 2272 1752 2308 carte
1785 2280 1881 2307 mee
1913 2266 2016 2307 dare
2048 2265 2290 2306 concedere
2318 2269 2362 2306 et

561 2338 825 2380 confirmare
848 2338 1014 2380 Curato
1037 2343 1080 2378 et
1103 2335 1347 2391 capellanis
1370 2335 1492 2378 chori
1515 2335 1701 2377 ecclesie
1727 2334 1817 2377 diui
1844 2333 2054 2388 nicholaij
2079 2335 2132 2376 de
2155 2333 2363 2376 abirdene

560 2407 725 2450 Totam
759 2408 818 2448 Et
848 2407 1068 2461 integram
1101 2405 1224 2448 illam
1256 2411 1420 2448 terram
1453 2404 1719 2448 anteriorem
1753 2410 1795 2445 et
1832 2403 2087 2445 interiorem
2119 2417 2283 2445 nouam
2320 2408 2364 2444 et

560 2483 756 2519 veterem
793 2482 940 2518 ortum
975 2482 1018 2518 et
1054 2475 1262 2518 horreum
1300 2475 1498 2517 eiusdem
1536 2475 1650 2517 Cum
1692 2472 1978 2528 pertinenciis
2016 2472 2215 2515 Iacentia
2252 2471 2365 2515 infra

563 2548 751 2601 burgum
775 2547 828 2588 de
851 2545 1059 2588 abirdene
1081 2545 1126 2587 in
1147 2545 1245 2588 vico
1268 2544 1404 2587 castri
1425 2559 1479 2586 ex
1499 2543 1664 2587 boreali
1687 2549 1812 2598 parte
1838 2542 2036 2585 eiusdem
2065 2543 2181 2585 inter
2200 2549 2364 2585 terram

563 2616 737 2672 patricij
762 2616 886 2658 leslie
908 2631 960 2658 ex
982 2615 1247 2658 occidentali
1270 2617 1324 2658 ab
1346 2630 1433 2658 vna
1454 2622 1617 2657 terram
1639 2614 1793 2656 thome
1815 2615 2065 2656 andersoun
2088 2628 2140 2656 ex
2161 2612 2365 2656 orientali

563 2685 763 2741 partibus
814 2686 869 2728 ab
920 2686 1060 2728 altera
1110 2692 1153 2728 et
1206 2687 1480 2729 Communes
1526 2685 1622 2727 vias
1667 2684 1832 2739 Regias
1872 2698 2026 2726 versus
2077 2689 2279 2726 austrum
2321 2688 2365 2725 et

563 2757 743 2798 boream
777 2755 1054 2810 Quequidem
1095 2761 1213 2797 terra
1251 2756 1365 2798 Cum
1407 2761 1503 2797 orto
1537 2755 1696 2796 horreo
1739 2755 1798 2795 Et
1840 2753 2126 2808 pertinenciis
2167 2752 2366 2795 eiusdem

565 2823 687 2879 prius
735 2824 878 2866 fuerat
939 2823 1046 2866 dicti
1109 2823 1323 2867 Iohannis
1374 2823 1638 2865 hereditarie
1691 2824 1750 2865 Et
1802 2837 1935 2877 quam
1987 2822 2032 2864 in
2083 2835 2164 2864 sua
2208 2821 2366 2864 vltima

564 2894 795 2936 voluntate
834 2894 958 2935 Idem
997 2893 1221 2935 Iohannes
1258 2892 1440 2947 prefatis
1472 2898 1626 2934 curato
1662 2898 1705 2933 et
1743 2890 1988 2946 capellanis
2038 2889 2083 2932 in
2124 2903 2282 2944 puram
2323 2895 2367 2931 et

566 2970 826 3018 perpetuam
873 2962 1163 3005 elemosinam
1216 2976 1293 3016 per
1343 2976 1470 3004 suam
1523 2968 1694 3004 cartam
1746 2967 1789 3003 et
1842 2960 2050 3003 Sasinam
2103 2958 2367 3002 hereditarie
