2524 3418
814 304 1032 348 Fundacio
1065 303 1215 347 leome
1245 305 1352 346 Prat
1932 318 1984 359 35

172 423 431 468 immediate
473 428 709 478 sequentes
750 421 850 464 volo
893 422 1088 464 concedo
1134 419 1289 463 ordino
1331 426 1373 462 et
1415 419 1513 475 lego
1565 421 1681 474 quod
1732 419 1985 475 prepositus

171 495 324 539 balliui
357 500 399 538 et
432 493 639 537 consules
671 491 776 536 dicti
809 491 934 547 burgi
969 491 1053 534 Illa
1084 490 1179 533 vice
1211 491 1406 533 habeant
1443 489 1690 545 plenariam
1721 489 1983 533 facultatem

170 565 314 608 eidem
353 563 482 608 altari
513 577 649 606 vnum
686 563 908 618 ydoneum
943 561 1224 616 capellanum
1260 560 1391 615 pleno
1423 559 1523 615 jure
1560 565 1816 615 presentare
1849 561 1909 602 Et
1947 560 1984 602 si

171 635 403 690 contingat
441 633 610 677 dictum
648 632 930 687 capellanum
974 632 1160 674 deficere
1197 630 1242 672 in
1279 629 1444 673 diuinis
1485 630 1686 673 seruiciis
1722 631 1777 673 ad
1814 630 1984 673 dictum

172 705 312 747 altare
335 711 411 747 aut
434 703 478 745 in
501 703 622 745 horis
646 701 874 745 canonicis
901 701 1013 743 infra
1039 699 1276 743 ecclesiam
1300 700 1564 755 prelibatam
1591 715 1668 756 per
1689 700 1986 756 quadraginta

171 773 266 817 dies
307 772 545 816 continuos
586 771 671 814 nisi
715 771 771 814 sit
815 786 951 814 causa
993 769 1256 826 egritudinis
1293 777 1400 812 tunc
1438 770 1610 813 licitum
1648 770 1729 814 erit
1767 769 1904 814 michi
1941 778 1984 814 et

171 844 408 887 heredibus
441 842 552 885 meis
584 843 638 885 de
670 843 825 884 eodem
859 841 1124 896 cuicumque
1158 841 1390 896 capellano
1422 842 1596 896 ydoneo
1628 842 1795 896 absque
1827 841 1986 896 quouis

173 912 501 969 Impedimento
533 926 612 967 pro
644 918 795 954 nostre
827 910 952 954 libito
984 910 1232 953 voluntatis
1268 909 1502 966 disponere
1536 913 1725 967 Insuper
1756 911 1792 954 si
1825 911 1986 967 aliquis

170 984 383 1027 heredum
414 997 614 1025 meorum
645 988 721 1025 aut
755 981 1088 1036 assignatorum
1122 980 1346 1036 predictos
1378 996 1551 1024 annuos
1582 982 1782 1025 redditus
1813 982 1858 1025 in
1889 988 1986 1025 toto

168 1053 237 1096 vel
270 1052 315 1095 in
337 1058 463 1108 parte
486 1066 511 1095 a
533 1051 704 1107 prefato
737 1051 969 1106 capellano
1003 1057 1079 1093 aut
1113 1050 1205 1093 suis
1238 1051 1571 1095 successoribus
1603 1051 1895 1096 substraxerit
1917 1053 1986 1095 vel

170 1121 408 1165 detinuerit
430 1128 538 1165 tunc
561 1121 693 1164 liceat
720 1121 902 1164 domino
929 1120 1184 1164 diocesiano
1217 1120 1290 1175 qui
1322 1136 1401 1176 pro
1433 1128 1632 1177 tempore
1653 1122 1783 1166 fuerit
1806 1124 1986 1166 eosdem

171 1192 439 1235 auctoritate
476 1207 557 1235 sua
588 1192 658 1234 viz
695 1191 895 1234 censuris
931 1191 1234 1234 ecclesasticis
1271 1191 1538 1246 compellere
1571 1199 1614 1235 et
1647 1192 1692 1235 in
1724 1192 1872 1236 anime
1909 1208 1987 1236 sue

170 1262 418 1319 periculum
456 1277 596 1318 usque
633 1264 688 1306 ad
726 1262 972 1318 plenariam
1011 1261 1286 1305 solucionem
1324 1261 1545 1305 dictorum
1583 1277 1833 1306 annuorum
1872 1264 1988 1306 Red-

171 1333 346 1377 dituum
363 1332 614 1376 faciendam
638 1333 845 1388 prosequi
868 1339 911 1375 et
934 1332 1198 1388 distringere
1217 1346 1318 1375 cum
1337 1332 1497 1374 effectu
1521 1332 1820 1388 Infringentes
1842 1348 1921 1376 seu
1943 1333 1987 1375 in

172 1404 320 1459 aliquo
343 1403 581 1460 infringere
603 1410 896 1459 procurantes
919 1409 1149 1459 presentes
1181 1417 1305 1446 meas
1337 1402 1631 1445 donacionem
1654 1402 1987 1446 ordinacionem

171 1473 508 1517 concessionem
552 1474 911 1530 assignacionem
949 1480 992 1517 et
1029 1473 1274 1529 elymosine
1312 1473 1706 1520 confirmacionem
1748 1473 1989 1517 autoritate

171 1543 340 1587 domini
363 1544 503 1587 nostri
540 1545 675 1588 Ihesu
709 1544 877 1588 Christi
901 1544 1224 1600 omnipotentis
1247 1543 1316 1587 dei
1339 1550 1382 1587 et
1407 1544 1562 1587 Sancti
1598 1545 1699 1597 (sio)
1736 1544 1894 1587 matris
1919 1560 1987 1587 ec-

169 1615 302 1658 clesie
331 1622 375 1658 et
405 1622 622 1670 quantum
656 1615 954 1659 committitur
985 1616 1181 1659 humane
1214 1622 1415 1658 creature
1448 1615 1776 1659 maledicantur
1796 1623 1840 1659 et
1862 1616 1986 1658 illam

170 1685 531 1730 maledictionem
556 1702 689 1742 quam
723 1695 850 1743 pater
871 1689 953 1731 sub
975 1694 1199 1743 potestate
1232 1687 1366 1730 habet
1389 1686 1433 1729 in
1457 1687 1598 1730 filium
1629 1686 1788 1730 mereri
1808 1687 1987 1731 valeant

169 1765 213 1801 et
235 1757 494 1801 eternaliter
514 1758 740 1814 possidere
769 1761 1017 1801 Reseruato
1040 1765 1083 1801 et
1107 1758 1233 1801 saluo
1255 1764 1408 1800 tamen
1431 1772 1509 1813 per
1530 1757 1681 1800 omnia
1710 1757 1847 1801 libero
1869 1764 1989 1801 tene-

170 1835 322 1872 mento
354 1828 555 1871 omnium
589 1828 808 1872 dictorum
843 1843 1093 1872 annuorum
1128 1828 1403 1872 Reddituum
1443 1842 1545 1870 cum
1579 1827 1672 1870 suis
1707 1827 1990 1883 pertinentiis

171 1898 307 1942 miehi
329 1914 408 1955 pro
430 1905 526 1942 toto
548 1906 750 1955 tempore
767 1899 857 1942 vite
880 1914 978 1942 mee
1001 1901 1061 1942 Et
1085 1914 1166 1955 ego
1183 1914 1286 1942 vero
1309 1898 1456 1942 dictus
1477 1898 1659 1941 thomas
1681 1904 1781 1954 prat
1804 1897 1990 1941 heredes

172 1969 260 2013 mei
301 1975 344 2012 et
386 1969 604 2025 assignati
643 1976 764 2013 totos
802 1977 845 2013 et
885 1969 1083 2025 integros
1121 1984 1296 2013 annuos
1334 1968 1534 2012 redditus
1573 1983 1698 2011 meos
1737 1968 1989 2012 antedictos

172 2054 273 2083 cum
298 2038 390 2082 suis
412 2039 700 2095 pertinenciis
722 2041 894 2099 prefato
917 2040 1098 2084 domino
1132 2039 1324 2083 Iohanni
1351 2054 1429 2095 pro
1458 2045 1554 2082 toto
1576 2045 1777 2094 tempore
1798 2038 1888 2082 vite
1910 2053 1989 2081 sue

171 2116 214 2153 et
247 2109 340 2153 suis
374 2110 707 2154 successoribus
745 2111 990 2167 capellanis
1025 2110 1252 2166 perpetuis
1288 2109 1487 2153 eiusdem
1521 2109 1565 2152 in
1598 2109 1806 2154 omnibus
1837 2115 1881 2152 et
1913 2123 1991 2164 per

173 2180 324 2224 omnia
364 2187 410 2223 vt
457 2180 725 2236 premissum
768 2188 835 2224 est
878 2196 955 2237 per
996 2196 1153 2224 omnes
1193 2188 1336 2224 terras
1377 2187 1420 2223 et
1462 2179 1771 2236 possessiones
1814 2185 1992 2222 nostras

173 2258 328 2295 contra
376 2266 532 2295 omnes
583 2252 796 2296 mortales
836 2251 1218 2296 varantizabimus
1267 2250 1624 2307 acquietabimus
1672 2256 1715 2293 et
1765 2252 1991 2306 Imperpe-

172 2328 299 2365 tuum
335 2322 623 2366 defendemus
659 2325 711 2366 In
747 2322 874 2366 cuius
909 2323 992 2366 Rei
1024 2321 1334 2366 testimonium
1368 2321 1472 2365 huic
1501 2321 1697 2378 presenti
1735 2327 1856 2365 carte
1893 2336 1991 2364 mee

173 2391 381 2447 Sigillum
429 2407 579 2436 meum
623 2400 666 2436 et
712 2393 920 2449 Sigillum
963 2392 1237 2437 honorabilis
1277 2392 1358 2435 viri
1400 2393 1577 2436 Andree
1623 2392 1818 2437 branche
1860 2391 1992 2435 vnius

173 2461 440 2505 balliuorum
473 2462 580 2506 dicti
617 2463 743 2519 burgi
777 2478 828 2507 ac
862 2463 1031 2507 datoris
1064 2463 1212 2506 sasine
1245 2462 1502 2506 huiusmodi
1537 2476 1788 2506 annuorum
1829 2461 1990 2505 Reddi-

173 2538 270 2574 tum
323 2532 466 2576 eidem
519 2533 699 2577 domino
753 2535 944 2578 Iohanni
987 2549 1120 2590 super
1161 2534 1305 2577 solum
1348 2533 1570 2577 dictarum
1615 2539 1834 2577 terrarum
1887 2539 1990 2575 sunt

175 2616 373 2657 appensa
395 2604 526 2658 Apud
548 2603 771 2648 Abirdene
798 2605 972 2648 decimo
999 2611 1160 2648 octauo
1187 2604 1257 2647 die
1285 2603 1454 2647 mensis
1475 2602 1643 2659 Aprilis
1664 2604 1795 2646 Anno
1821 2602 1990 2646 domini

174 2671 413 2715 millesimo
429 2674 870 2730 quadringentesimo
888 2676 1181 2732 nonagesimo
1200 2675 1342 2731 primo
1358 2677 1521 2719 Coram
1537 2674 1732 2730 providis
1747 2680 1790 2717 et
1806 2673 1992 2717 famosis

175 2742 282 2785 viris
306 2743 507 2787 Iohanne
531 2746 740 2789 Colisone
762 2747 920 2790 thoma
943 2747 1106 2790 martin
1129 2746 1362 2790 willelmo
1384 2746 1571 2790 blinsele
1595 2746 1759 2788 Iacobo
1783 2745 1992 2787 Gordone

174 2811 406 2855 Willelmo
436 2814 535 2869 colp
562 2816 858 2871 burgensibus
890 2817 997 2860 dicti
1030 2815 1156 2872 burgi
1178 2817 1357 2859 Andrea
1379 2816 1547 2872 nachty
1567 2829 1654 2858 vno
1686 2814 1992 2858 seriandorum

177 2884 359 2926 eusdem
384 2890 427 2926 et
453 2885 650 2929 Domino
675 2887 876 2929 Iohanne
900 2886 1146 2942 Stirueling
1167 2888 1425 2943 presbytero
1447 2893 1490 2930 et
1513 2885 1688 2930 notario
1710 2885 1888 2941 publico

291 2953 479 2996 Summa
502 2953 634 2997 huius
658 2957 918 3011 Capellanie
940 2956 1013 2999 viii
1038 2957 1083 2999 lii
1106 2963 1149 2999 et
1172 2957 1214 2999 xl
1237 2958 1264 3000 d
