2524 3418
556 295 688 340 Carta
708 294 948 351 seudzfirme
978 295 1126 338 andree
1159 296 1258 338 buck
1289 295 1336 338 de
1360 296 1546 352 piscaria
1577 296 1623 338 de
1655 297 1694 351 ly
1717 297 1858 352 surdis
2027 311 2107 353 275

302 410 420 453 dicte
456 409 704 454 feudifirme
739 410 973 455 annuatim
1012 417 1055 453 et
1092 410 1369 454 terminatim
1405 418 1453 454 vt
1492 411 1765 467 premittitur
1801 414 1856 456 ad
1893 413 2110 456 terminos

301 479 630 536 suprascriptos
666 481 735 524 vel
772 481 932 525 saltem
971 480 1083 525 infra
1120 481 1416 537 quadraginta
1453 481 1548 525 dies
1585 481 1828 537 quemlibet
1865 482 2107 526 terminum

304 549 571 593 Immediate
603 556 842 606 sequentes
878 551 1121 594 dummodo
1153 551 1209 593 ad
1242 550 1327 593 hoc
1364 549 1562 606 legitime
1594 550 1796 606 requisiti
1832 551 1995 594 fuerint
2031 567 2108 595 seu

300 618 430 662 fuerit
459 634 537 675 per
565 620 848 664 collectorem
878 619 1098 664 dictorum
1128 620 1462 675 capellanorum
1496 635 1574 676 pro
1602 627 1804 676 tempore
1832 620 1871 662 T
1876 635 1962 664 unc
1991 627 2034 664 et
2064 621 2108 663 in

300 687 376 731 illo
405 703 513 732 casu
541 704 725 745 presens
753 689 994 734 infeodatio
1023 691 1151 734 cadet
1181 690 1225 732 in
1255 690 1548 734 commissum
1575 697 1618 734 et
1645 690 1812 734 nullius
1837 690 2008 734 roboris
2038 691 2108 734 uel

301 757 517 801 momenti
550 759 610 802 Et
643 758 815 803 licitum
848 758 930 803 erit
967 758 1096 803 nobis
1127 765 1170 802 et
1203 759 1537 803 successoribus
1569 758 1734 802 nostris
1771 774 1872 802 cum
1908 759 2108 814 predicta

299 826 490 882 piscaria
518 827 815 873 intromittere
845 831 900 873 ad
927 830 1115 873 eandem
1145 844 1424 872 reassumere
1454 836 1496 872 et
1526 844 1660 885 super
1688 831 1843 873 eadem
1873 829 2108 885 disponere

299 898 355 940 ad
392 904 543 942 nostre
579 898 755 943 libitum
792 898 1038 943 voluntatis
1075 899 1243 954 absque
1278 899 1437 954 quauis
1474 898 1687 942 citatione
1723 898 1958 942 vocatione
1993 898 2108 941 Iuris

299 967 370 1011 uel
401 967 559 1024 Iudicij
591 969 780 1025 strepitu
809 970 873 1012 Ac
902 968 938 1011 si
968 983 1151 1024 presens
1183 968 1425 1012 infeodatio
1453 983 1682 1023 nunquam
1712 969 1830 1011 facta
1860 968 2016 1011 fuisset
2047 969 2107 1010 Et

299 1050 381 1080 nos
403 1052 508 1082 uero
530 1038 638 1082 dicti
661 1045 844 1083 curatus
866 1045 909 1082 et
933 1037 1152 1094 capellani
1179 1037 1366 1081 ecclesie
1390 1037 1624 1093 collegiate
1651 1045 1693 1080 et
1720 1036 1990 1093 parochialis
2016 1036 2107 1080 diui

299 1106 461 1151 nicolai
498 1109 551 1152 de
587 1108 797 1153 abirdene
832 1115 876 1152 et
913 1108 1053 1152 nostri
1090 1122 1373 1151 successores
1414 1114 1556 1151 totam
1599 1113 1642 1150 et
1680 1106 1902 1162 integram
1939 1105 2106 1150 dictam

298 1175 537 1232 piscariam
567 1179 747 1235 dimedij
779 1178 919 1222 rethis
949 1179 1003 1222 de
1031 1178 1075 1234 ly
1103 1177 1242 1221 furdis
1268 1192 1400 1234 super
1426 1192 1543 1233 aqua
1569 1179 1623 1221 de
1652 1178 1731 1221 dee
1761 1191 1862 1220 cum
1891 1176 1984 1219 suis
2010 1191 2108 1231 pro-

298 1246 427 1291 ficuis
452 1254 495 1292 et
522 1248 812 1304 pertinenciis
839 1248 983 1292 solitis
1012 1255 1055 1292 et
1086 1247 1314 1291 consuetis
1342 1247 1528 1291 liberam
1556 1247 1802 1290 immunem
1830 1253 1873 1289 et
1899 1260 2108 1289 exonera-

297 1322 391 1360 tam
424 1319 480 1363 ab
511 1318 633 1363 omni
665 1319 753 1363 alio
784 1319 959 1363 redditu
991 1325 1035 1362 et
1067 1332 1200 1362 onere
1233 1333 1499 1374 quocunque
1531 1319 1714 1374 dempta
1747 1331 1924 1360 summa
1956 1331 2107 1372 supra-

297 1387 464 1444 scripta
489 1389 673 1445 prefatis
699 1391 863 1434 andree
889 1396 932 1433 et
960 1388 1141 1432 metilde
1170 1403 1322 1432 secum
1350 1388 1394 1431 in
1422 1387 1662 1431 coniuncta
1688 1386 1988 1430 infeodatione
2015 1386 2109 1429 suis

297 1454 534 1502 heredibus
556 1465 599 1502 et
622 1458 864 1515 assignatis
887 1456 1127 1502 antedictis
1150 1459 1202 1500 In
1226 1456 1434 1501 omnibus
1451 1463 1494 1500 et
1517 1471 1595 1513 per
1617 1455 1768 1500 omnia
1784 1456 1926 1499 forma
1943 1455 2109 1511 pariter

295 1531 339 1568 et
371 1527 532 1571 effectu
560 1535 607 1572 vt
639 1528 908 1585 premissum
941 1534 1009 1571 est
1042 1541 1119 1583 per
1150 1540 1307 1570 omnes
1338 1533 1483 1570 terras
1515 1532 1558 1569 et
1591 1525 1899 1581 possessiones
1931 1532 2109 1568 nostras

296 1601 452 1640 contra
480 1610 638 1641 omnes
667 1596 880 1641 mortales
907 1594 1289 1640 varantizabimus
1317 1593 1675 1649 acquietabimus
1703 1600 1746 1636 et
1776 1593 2106 1649 imperpetuum

295 1665 585 1711 defendemus
620 1667 829 1712 omnibus
864 1666 966 1710 dolo
1003 1672 1046 1709 et
1082 1665 1236 1709 fraude
1272 1663 1460 1708 seclusis
1496 1664 1780 1708 INSUPER
1821 1670 1975 1707 tenore
2012 1677 2107 1718 pre-

295 1736 491 1780 sentium
531 1736 722 1781 facimus
763 1733 1081 1779 constituimus
1122 1739 1165 1777 et
1203 1732 1463 1777 ordinamus
1500 1732 1688 1776 dilectos
1725 1738 1903 1775 nostros
1942 1731 2106 1787 Magis-

294 1812 413 1851 trum
436 1807 667 1864 georgium
691 1806 958 1851 middiltoun
980 1803 1189 1849 dauidem
1214 1818 1312 1847 mar
1328 1810 1370 1847 et
1394 1792 1547 1846 eorum
1566 1801 1810 1858 quemlibet
1833 1800 2107 1845 coniunctim

295 1883 338 1920 et
361 1876 541 1922 diuisim
564 1877 755 1923 balliuos
777 1883 955 1921 nostros
977 1874 1021 1918 in
1039 1875 1124 1918 hac
1142 1881 1268 1931 parte
1292 1873 1616 1917 Irreuocabiles
1639 1872 1813 1930 Quibus
1835 1871 2108 1928 precipimus

294 1953 338 1991 et
361 1950 630 1993 mandamus
652 1955 874 2005 quatenus
899 1946 1098 1990 sasinam
1125 1952 1169 1988 et
1196 1944 1526 2001 possessionem
1554 1942 1871 1987 hereditariam
1898 1942 2038 1985 totius
2064 1948 2107 1984 et

294 2017 466 2075 integre
494 2019 612 2063 dicte
640 2018 830 2075 piscarie
858 2015 1039 2072 dimedij
1068 2014 1209 2059 rethis
1235 2016 1288 2059 de
1317 2015 1361 2070 ly
1389 2013 1545 2058 fuirdis
1575 2028 1675 2057 cum
1707 2012 1799 2056 suis
1828 2011 2037 2068 proficuis
2064 2019 2107 2054 et

294 2090 583 2146 pertinenciis
605 2089 788 2147 prefatis
805 2089 968 2132 andree
991 2087 1081 2131 buk
1102 2093 1145 2130 et
1165 2085 1347 2129 metilde
1365 2099 1576 2140 mengzes
1599 2097 1761 2140 sponse
1784 2098 1862 2126 sue
1886 2097 2038 2125 secum
2062 2082 2106 2124 in

294 2160 535 2205 coniuncta
557 2158 858 2204 infeodatione
879 2165 922 2202 et
946 2171 1099 2201 eorum
1123 2155 1251 2199 alteri
1275 2154 1449 2199 diucius
1466 2153 1634 2209 viuentj
1660 2160 1702 2196 et
1726 2152 1964 2196 heredibus
1984 2153 2107 2195 Inter

294 2228 416 2286 ipsos
456 2230 656 2287 legitime
697 2228 942 2286 procreatis
984 2242 1062 2270 seu
1108 2225 1396 2282 procreandis
1437 2224 1598 2279 quibus
1638 2224 1752 2266 forte
1796 2222 2107 2266 deficientibus

294 2301 455 2345 seniori
485 2301 700 2345 heredum
728 2299 1022 2343 feminearum
1056 2296 1171 2339 inter
1199 2297 1379 2339 eosdem
1412 2293 1611 2350 legitime
1643 2299 1872 2349 procreate
1902 2306 1980 2334 seu
2009 2306 2105 2347 pro-

294 2374 484 2417 creande
516 2371 690 2429 Quibus
722 2370 859 2414 etiam
891 2369 1004 2412 forte
1036 2366 1346 2412 deficientibus
1378 2365 1615 2409 heredibus
1647 2371 1691 2408 et
1724 2362 1967 2419 assignatis
1999 2362 2105 2406 dicti

222 2457 225 2459 ·
293 2444 456 2488 andree
478 2442 818 2498 quibuscunque
835 2439 986 2483 suisne
1004 2437 1138 2482 certis
1155 2435 1401 2481 actornatis
1417 2436 1486 2479 vel
1505 2434 1868 2491 procuratoribus
1890 2432 2107 2477 latoribus

293 2511 567 2569 presentium
590 2526 668 2568 per
693 2509 982 2556 donationem
1009 2507 1149 2555 rethis
1174 2506 1306 2550 restis
1332 2513 1375 2549 et
1403 2506 1560 2562 cymbe
1585 2511 1632 2547 vt
1660 2503 1797 2548 moris
1823 2509 1890 2546 est
1917 2502 2107 2546 tradatis

293 2589 336 2626 et
358 2580 615 2627 deliberatis
637 2595 716 2625 seu
738 2580 852 2624 alter
872 2585 1071 2622 vestrum
1094 2578 1244 2621 tradat
1267 2582 1310 2620 et
1333 2575 1545 2620 deliberet
1571 2574 1679 2617 visis
1706 2572 1987 2630 presentibus
2010 2572 2106 2615 sine

293 2652 507 2697 dilatione
536 2652 782 2696 secundum
812 2657 1014 2694 tenorem
1045 2654 1087 2692 et
1118 2648 1326 2691 effectum
1356 2653 1478 2690 carte
1511 2652 1662 2688 nostre
1693 2643 1942 2687 feudifirme
1972 2657 2106 2698 supra

292 2723 458 2767 inserte
475 2724 665 2779 desuper
681 2720 908 2766 concessis
927 2721 988 2763 Et
1005 2720 1090 2762 hoc
1107 2718 1231 2762 nullo
1246 2718 1378 2761 modo
1395 2715 1617 2760 omittatis
1633 2715 1701 2758 Ad
1716 2715 1834 2770 quod
1850 2712 2104 2757 faciendum

291 2793 417 2839 vobis
446 2799 490 2837 et
515 2799 715 2836 vestrum
741 2790 924 2836 cuilibet
954 2787 1230 2833 coniunctim
1260 2793 1304 2831 et
1333 2785 1514 2831 diuisim
1543 2784 1723 2830 balliuis
1751 2783 1918 2827 nostris
1947 2782 1991 2825 in
2021 2783 2105 2826 hac

292 2870 418 2920 parte
441 2862 682 2907 antedictis
703 2868 905 2906 nostram
928 2859 1179 2916 plenarium
1203 2864 1246 2902 et
1271 2855 1616 2901 Irreuocabilem
1646 2861 1800 2898 tenore
1829 2851 2103 2909 presentium

293 2933 620 2980 committimus
651 2939 923 2988 potestatem
958 2932 1011 2973 In
1046 2943 1235 2985 quorum
1268 2927 1469 2972 omnium
1504 2933 1547 2969 et
1585 2925 1863 2979 singulorum
1896 2924 2028 2966 fidem
2062 2930 2104 2964 et
