2524 3418
243 466 320 496 ยน594

156 501 253 530 Nunc
266 499 417 540 magistri

155 543 290 583 Robertj

153 587 302 618 chalmer

451 343 529 384 124
1090 328 1220 370 Carta
1253 326 1381 367 thome
1411 326 1613 368 cluzwmer

447 444 669 487 dimittere
703 443 928 497 Religioso
950 441 1042 483 viro
1073 440 1196 483 fratri
1228 440 1432 482 richardo
1465 454 1642 495 murray
1665 439 1867 482 ministro
1898 441 2057 483 domus
2088 447 2241 483 sancte

448 511 660 554 trinitatis
693 511 797 554 dicti
832 509 955 564 burgi
987 509 1151 551 Totam
1175 515 1218 550 et
1241 507 1461 562 integram
1485 508 1607 550 illam
1637 515 1800 550 terram
1833 515 2033 551 nostram
2066 509 2242 564 penitus

447 589 622 624 vastam
650 588 691 623 et
719 588 864 622 ortum
899 578 1095 620 eiusdem
1129 592 1230 620 cum
1258 577 1350 620 suis
1382 577 1667 632 pertinenciis
1694 578 1899 620 Iacentes
1931 577 2042 620 infra
2073 577 2242 620 dictum

448 653 635 706 burgum
669 650 712 692 in
738 649 834 691 vico
859 648 986 690 viridi
1019 662 1070 690 ex
1103 647 1257 691 boriali
1290 654 1414 702 parte
1446 647 1644 690 eiusdem
1677 646 1792 690 inter
1822 654 1986 690 terram
2019 649 2243 703 quondam

450 721 664 764 Iohannis
687 719 906 762 malisoun
929 733 981 761 ex
1003 718 1206 761 orientali
1224 732 1276 760 ex
1292 732 1379 760 vna
1397 724 1440 760 et
1462 724 1625 760 terram
1648 718 1872 772 quondam
1896 719 2058 761 andree
2075 717 2245 773 lamyn-

447 799 555 833 toun
579 805 630 832 ex
652 788 915 831 occidentali
948 788 1148 843 partibus
1171 789 1225 830 ab
1247 787 1387 830 altera
1421 789 1717 831 Communem
1742 787 1861 830 viam
1892 787 2060 843 regiam
2091 801 2246 830 versus

448 867 648 902 austrum
686 866 729 900 et
767 872 1050 901 communem
1087 857 1307 900 venellam
1349 871 1503 899 versus
1544 858 1722 900 boream
1763 856 2124 899 TENENDAM
2164 855 2246 898 ET

451 928 809 971 HABENDAM
842 934 984 969 totam
1018 933 1060 969 et
1093 926 1313 982 integram
1351 925 1474 969 illam
1511 932 1675 969 terram
1709 932 1990 981 prenotatam
2024 933 2067 968 et
2099 931 2245 968 ortum

449 998 645 1041 eiusdem
680 1011 780 1040 curn
814 997 906 1039 suis
937 996 1223 1052 pertinenciis
1259 996 1430 1052 prefato
1467 996 1671 1039 ministro
1708 1002 1751 1039 et
1788 995 1880 1039 suis
1916 996 2247 1040 successoribus

449 1066 666 1109 ministris
697 1065 803 1109 dicti
835 1067 994 1109 domus
1026 1065 1070 1108 in
1101 1066 1231 1109 feudo
1264 1072 1306 1108 et
1344 1066 1591 1108 hereditate
1628 1065 1954 1121 imperpetuum
1992 1080 2093 1109 cum
2125 1064 2247 1108 omni

451 1139 551 1180 Iure
575 1145 617 1181 et
642 1136 758 1180 Iuris
789 1136 961 1180 clameo
991 1151 1092 1179 cum
1115 1135 1276 1179 debitis
1298 1135 1574 1192 longitudine
1597 1142 1639 1178 et
1663 1135 1897 1179 latitudine
1929 1150 2031 1179 cum
2063 1134 2248 1179 edificiis

447 1208 635 1261 desuper
675 1206 944 1248 constructis
985 1212 1027 1248 et
1070 1206 1382 1249 construendis
1423 1220 1524 1248 cum
1566 1206 1787 1262 lapidibus
1821 1212 1863 1249 et
1898 1206 2021 1249 calce
2056 1221 2108 1249 ac
2145 1220 2246 1250 cum

446 1276 653 1319 omnibus
689 1282 732 1318 et
770 1275 958 1331 singulis
992 1275 1084 1318 suis
1125 1275 1255 1318 iustis
1296 1272 1581 1331 pertinenciis
1623 1276 1960 1331 quibuscunque
1992 1277 2047 1318 ad
2080 1275 2246 1318 dictam

446 1353 609 1388 terram
657 1346 964 1401 spectantibus
1007 1360 1085 1388 seu
1131 1346 1246 1389 iuste
1293 1353 1494 1401 spectare
1534 1345 1786 1389 valentibus
1831 1346 2162 1401 quomodolibet
2203 1346 2247 1388 in

445 1416 642 1458 futurum
679 1417 802 1459 Adeo
839 1415 975 1459 libere
1011 1415 1207 1470 plenarie
1249 1415 1419 1471 integre
1460 1415 1702 1458 honorifice
1742 1417 1853 1459 bene
1889 1422 1932 1458 et
1968 1415 2013 1458 in
2054 1430 2163 1471 pace
2203 1415 2248 1458 in

446 1485 653 1529 omnibus
675 1492 718 1528 et
741 1501 818 1541 per
839 1485 988 1528 omnia
1021 1485 1136 1528 sieut
1159 1485 1308 1540 aliqua
1330 1492 1447 1528 terra
1479 1485 1591 1529 infra
1614 1485 1782 1528 dictum
1815 1486 2003 1540 burgum
2025 1491 2103 1528 aut
2125 1490 2249 1528 extra

446 1556 502 1598 ad
532 1555 828 1598 feudifirmam
851 1554 1091 1598 dimittitur
1113 1554 1207 1598 sine
1239 1555 1525 1598 reuocatione
1556 1554 1876 1598 reclamatione
1902 1560 1979 1598 aut
2002 1554 2248 1598 contradic-

446 1625 566 1668 tione
613 1624 794 1679 aliquali
842 1631 1096 1668 nostrorum
1145 1631 1397 1668 nostrorum
1441 1624 1534 1680 [sic]
1583 1639 1892 1668 successorum
1937 1631 2014 1668 aut
2059 1624 2248 1668 aliorum

447 1708 812 1749 quorumcunque
852 1693 1055 1737 faciendo
1092 1693 1194 1737 inde
1230 1694 1376 1737 dictus
1413 1693 1616 1737 minister
1646 1701 1689 1738 et
1726 1709 2006 1738 successores
2042 1709 2250 1750 supremo

447 1763 627 1806 domino
673 1770 826 1806 nostro
874 1763 966 1819 regi
1008 1770 1051 1806 et
1095 1763 1187 1807 suis
1235 1764 1567 1808 successoribus
1610 1764 1849 1808 seruicium
1892 1764 2155 1820 burgagium
2197 1766 2250 1808 de

444 1833 564 1876 dicta
592 1839 710 1875 terra
740 1832 939 1876 debitum
968 1840 1012 1876 et
1041 1840 1306 1877 consuetum
1328 1835 1393 1877 Ac
1421 1835 1645 1878 reddendo
1673 1833 1906 1878 annuatim
1935 1833 2064 1878 nobis
2088 1840 2131 1878 et
2153 1848 2250 1877 suc-

446 1901 695 1945 cessoribus
731 1901 898 1945 nostris
930 1902 1098 1958 vigenti
1133 1903 1299 1947 solidos
1331 1903 1500 1947 vsualis
1534 1910 1712 1947 monete
1744 1903 1883 1947 scotie
1914 1905 1970 1948 ad
2002 1905 2114 1948 duos
2143 1904 2248 1960 annj

446 1971 660 2015 terminos
685 1972 864 2015 vsuales
895 1972 1168 2028 penticostes
1198 1972 1405 2017 videlicet
1439 1980 1482 2017 et
1515 1973 1658 2017 sancti
1693 1973 1872 2030 martinj
1909 1973 1953 2016 in
1985 1974 2145 2030 hyeme
2175 1988 2253 2030 per

447 2043 627 2098 equales
658 2042 891 2098 porciones
919 2043 1098 2087 nomine
1125 2043 1372 2087 feudifirme
1401 2059 1453 2088 ac
1482 2043 1624 2088 eciam
1654 2044 1914 2088 condicione
1939 2044 2113 2088 adiecta
2135 2045 2251 2100 quod

447 2112 484 2155 si
516 2112 747 2168 contingat
779 2113 948 2156 dictum
980 2113 1234 2158 ministrum
1268 2129 1373 2158 suos
1402 2129 1682 2159 successores
1713 2122 1791 2159 aut
1822 2115 1935 2159 alios
1965 2128 2253 2170 quoscunque

449 2184 637 2226 eandem
673 2190 838 2226 terram
875 2183 1155 2239 possidentes
1191 2185 1378 2228 deficere
1410 2185 1455 2228 in
1488 2185 1715 2229 solucione
1746 2184 1853 2229 dicti
1885 2184 2020 2240 annuj
2053 2183 2253 2227 redditus

451 2268 528 2295 seu
563 2253 811 2296 feudifirme
843 2253 1010 2310 vigenti
1048 2255 1288 2298 solidorum
1322 2256 1377 2298 ad
1410 2255 1611 2311 spacium
1647 2255 1781 2299 trium
1817 2255 2108 2299 terminorum
2145 2253 2255 2310 ipsis

451 2329 603 2366 tamen
648 2323 874 2378 requisitis
915 2331 958 2367 et
1000 2324 1184 2368 minime
1228 2325 1607 2370 satisfacientibus
1642 2332 1750 2369 tunc
1791 2325 1962 2368 licitum
2004 2324 2086 2368 erit
2127 2324 2255 2368 nobis

453 2400 495 2436 et
528 2393 859 2437 successoribus
891 2395 1055 2438 nostris
1087 2395 1254 2439 curatis
1283 2403 1326 2439 et
1358 2396 1604 2452 capellanis
1635 2395 1757 2439 chori
1788 2394 1974 2451 predicti
2006 2395 2061 2438 ad
2086 2393 2252 2438 dictam

453 2470 652 2506 nostram
693 2470 858 2507 terram
902 2480 1004 2508 cum
1051 2466 1338 2522 pertinenciis
1374 2468 1541 2522 absque
1582 2480 1846 2522 quocunque
1888 2464 2004 2508 Iuris
2044 2479 2255 2521 processu

455 2540 531 2576 aut
564 2533 751 2589 strepitu
785 2534 971 2578 liberum
1006 2536 1168 2580 habere
1201 2537 1451 2593 ingressum
1484 2551 1572 2580 non
1605 2536 1888 2580 obstantibus
1919 2535 2256 2591 quibuscunque

454 2602 848 2646 constitutionibus
889 2612 931 2647 et
973 2606 1227 2661 oppositum
1269 2607 1448 2650 inoletis
1488 2613 1531 2650 et
1572 2606 1750 2649 vsitatis
1791 2612 1968 2649 tantum
2012 2620 2092 2661 pro
2134 2603 2256 2649 omni

454 2673 540 2715 alio
573 2672 760 2716 seruicio
797 2674 985 2717 seculari
1017 2677 1248 2720 exactione
1285 2692 1364 2720 seu
1400 2678 1620 2720 demanda
1652 2691 1737 2732 que
1768 2677 1822 2719 de
1853 2675 1972 2719 dicta
2002 2681 2121 2718 terra
2153 2689 2255 2718 cum

454 2742 741 2797 pertinenciis
783 2743 1038 2799 aliqualiter
1078 2746 1192 2801 exigi
1234 2746 1395 2802 poterit
1437 2753 1513 2790 aut
1557 2746 1717 2801 requirj
1765 2746 1825 2788 Et
1872 2760 1954 2788 nos
1995 2759 2099 2787 vero
2149 2742 2256 2787 dicti

457 2819 637 2855 curatus
669 2819 711 2855 et
743 2814 963 2869 capellanj
997 2822 1040 2857 et
1078 2830 1359 2859 successores
1400 2815 1540 2858 nostri
1581 2822 1724 2859 totam
1758 2821 1801 2858 et
1834 2814 2056 2870 integram
2088 2812 2254 2857 dictam

455 2888 619 2923 terram
651 2888 694 2923 et
726 2889 872 2924 ortum
914 2883 1112 2927 eiusdem
1150 2900 1251 2927 curn
1294 2885 1581 2941 pertinenciis
1622 2885 1792 2940 prefato
1833 2884 2038 2926 ministro
2077 2889 2121 2925 et
2163 2882 2256 2926 suis

457 2950 788 2993 successoribus
819 2966 896 3006 per
923 2967 1079 2996 omnes
1110 2961 1251 2997 terras
1284 2962 1461 2998 nostras
1497 2963 1540 2999 et
1578 2954 1884 3010 possessiones
1916 2961 2070 2996 contra
2101 2966 2258 2996 omnes
