2524 3418
487 225 543 267 xii

677 363 801 403 XVI.

652 571 802 612 XVII.

623 709 800 751 XVIII.

673 849 799 890 XIX.

700 919 799 960 XX.

680 1058 800 1100 XXI.

647 1194 799 1236 XXII.

619 1262 797 1304 XXIII.

625 1470 795 1512 XXIV.

649 1675 790 1717 XXV.

627 1744 797 1785 XXVI.

600 1882 795 1924 XXVII.

571 1950 792 1992 XXVIII.

625 2089 795 2130 XXIX.

648 2227 793 2269 XXX.

622 2367 793 2409 XXXI.

596 2506 793 2547 XXXII.

567 2644 791 2685 XXXIII.

1188 234 1343 276 Tabula
1375 237 1528 278 Rerum

837 363 975 417 Copia
998 363 1170 406 litterae
1193 366 1487 419 possessionis
1513 368 1649 411 annui
1672 369 1869 413 redditus
1891 386 1916 414 3
1941 372 2112 415 Willel·

951 446 1022 474 mo
1073 434 1293 476 Meld1·um
1342 436 1394 478 de
1445 437 1565 491 Fyve
1618 439 1816 481 concessi
1869 441 1923 483 ad
1975 440 2113 484 altare

950 502 1102 544 Sancti
1139 503 1336 546 Niniani.
1401 518 1510 560 1490
1582 540 1591 548 .

837 571 1045 614 Venditio
1074 580 1217 615 terrae
1239 589 1265 616 a
1290 575 1509 619 Duncano
1533 577 1723 620 Scherar
1743 578 1959 621 canonico
1981 581 2112 622 Aber-

948 642 1131 684 donensi
1155 645 1357 688 Andreae
1383 646 1625 689 Ranisone.
1689 649 1798 703 1496
1843 682 1850 690 .

841 711 974 754 Curia
1021 711 1198 755 Itineris
1240 715 1521 759 Camerariae
1570 723 1694 760 tenta
1736 717 1778 759 in
1828 718 2018 773 pretorio
2059 720 2112 761 de

946 782 1190 826 Aberdene.
1254 785 1364 839 1486
1449 819 1457 827 .

835 849 994 893 Obitus
1019 852 1226 895 Duncani
1251 854 1440 898 Scherar

834 921 969 963 Caita
998 922 1058 964 W
1063 922 1215 965 illelmi
1245 925 1298 966 de
1332 926 1521 968 Camera
1549 928 1602 969 de
1635 928 1853 982 Fyndoun
1886 929 1941 970 ad
1973 928 2112 970 altare

949 991 1103 1033 Sancti
1127 993 1388 1036 Salvatoris.
1453 1008 1558 1049 1431
1840 1029 1848 1037 .
2100 1029 2108 1037 .

835 1060 970 1102 Caita
994 1061 1210 1105 Willelmi
1234 1064 1286 1105 de
1310 1065 1499 1108 Camera
1521 1067 1577 1108 ad
1599 1066 1740 1108 altare
1758 1067 1950 1108 Sanctae
1969 1066 2111 1108 Kath-

945 1128 1107 1172 erinae.
1173 1143 1280 1186 1417
1577 1167 1585 1175 .
1707 1167 1716 1176 .
1838 1167 1846 1175 .

831 1196 1108 1240 Presentatio
1126 1200 1344 1253 capellani
1362 1202 1418 1243 ad
1436 1201 1575 1244 altare
1593 1202 1746 1245 Sancti
1766 1202 1963 1246 Niniani.
2004 1213 2111 1257 1495

830 1265 969 1319 Copia
996 1274 1145 1309 cartae
1167 1267 1385 1311 Willelmi
1418 1270 1588 1313 Futhes
1614 1272 1667 1314 de
1693 1285 1841 1314 annuo
1863 1271 2032 1314 redditu
2057 1273 2110 1314 de

945 1341 1062 1378 terra
1102 1336 1320 1380 Willelmi
1354 1338 1560 1382 Nicholai
1593 1346 1636 1382 et
1669 1341 1722 1382 de
1754 1346 1873 1383 terra
1907 1339 2110 1382 inferiore

943 1403 1161 1447 Willelmi
1185 1405 1353 1449 Litster
1374 1407 1486 1450 alias
1509 1409 1667 1463 Spens.
1731 1420 1840 1463 1500

830 1471 969 1526 Copia
1011 1472 1186 1516 litterae
1227 1475 1523 1529 possessionis
1564 1491 1813 1520 annuorum
1857 1477 2108 1520 reddituum

941 1540 1227 1584 fundatorum
1283 1557 1309 1586 a
1362 1544 1564 1587 Iohanne
1616 1545 1814 1589 Mathew
1863 1547 1919 1590 ad
1970 1546 2109 1589 altare

942 1609 1096 1652 Sancti
1139 1610 1416 1655 Christofori.
1482 1625 1591 1668 1470
1968 1649 1975 1657 .
2098 1650 2105 1657 .

828 1677 1017 1720 Rentale
1034 1678 1188 1721 altaris
1206 1680 1360 1723 Sancti
1385 1681 1599 1724 Iohannis
1622 1682 1935 1738 evangelistae.
2000 1694 2105 1737 1501

833 1745 1023 1788 Rentale
1039 1747 1314 1801 capellaniae
1329 1748 1484 1792 altaris
1503 1751 1696 1793 Sanctae
1721 1749 1992 1794 Katherinae
2012 1751 2108 1794 fun-

942 1815 1074 1858 datae
1096 1831 1121 1858 a
1142 1816 1319 1860 Thoma
1341 1819 1394 1861 de
1417 1819 1620 1862 Camera.
1684 1831 1791 1875 1501
1838 1854 1845 1862 .

830 1884 1020 1929 Rentale
1042 1884 1196 1927 altaris
1220 1886 1349 1929 Beati
1373 1888 1490 1930 Petri
1573 1922 1582 1930 .

826 1952 961 1994 Carta
997 1952 1200 1996 Thomae
1233 1956 1286 1997 de
1321 1956 1510 1999 Camera
1546 1958 1598 1998 de
1635 1957 1846 2000 Muithile
1880 1959 1935 2000 ad
1968 1957 2108 2000 altare

942 2022 1136 2065 Sanctae
1169 2024 1454 2068 Katherinae.
1520 2038 1629 2080 1437
1705 2058 1714 2067 .
1836 2061 1843 2067 .
2096 2059 2105 2067 .

829 2091 965 2132 Carta
993 2090 1211 2134 Willelmi
1246 2093 1299 2136 de
1333 2094 1573 2137 Strabroch
1609 2096 1663 2138 ad
1698 2095 1837 2137 altare
1872 2095 2001 2137 Beati
2037 2096 2104 2137 Ia-

940 2159 1053 2202 cobi.
1118 2173 1226 2215 1340
1312 2195 1320 2203 .
1574 2197 1581 2205 .
1704 2196 1712 2205 .
1835 2197 1842 2205 .

827 2229 962 2271 Carta
983 2228 1222 2273 Alexandri
1247 2232 1475 2286 Howyson
1493 2233 1548 2276 ad
1566 2233 1705 2276 altare
1724 2233 1916 2275 Sanctae
1934 2232 2104 2276 Crucis.

941 2301 1048 2354 1461
1443 2336 1451 2344 .

827 2369 962 2412 Carta
982 2370 1222 2414 Alexandri
1250 2373 1507 2428 Howysone
1529 2374 1584 2416 ad
1607 2373 1746 2416 altare
1772 2374 1965 2416 Sanctae
1996 2375 2102 2416 Cru-

939 2438 1017 2481 cis.
1082 2441 1188 2494 1461
1571 2475 1579 2483 .

829 2506 1086 2562 Disputatio
1123 2511 1176 2552 de
1216 2510 1460 2553 redditibus
1500 2510 1653 2553 alta1is
1697 2475 1888 2554 Sanctae
1931 2511 2100 2553 Crucis.

942 2588 1048 2630 1471
1441 2611 1449 2619 .
1832 2613 1838 2620 .

827 2645 1017 2688 Rentale
1038 2646 1290 2689 reddituum
1317 2647 1470 2690 altaris
1503 2649 1672 2690 Beatae
1701 2612 1874 2690 ‘Mariae
1906 2646 2102 2702 Virginis

938 2715 983 2757 in
1001 2716 1135 2759 choro
1157 2717 1342 2760 australi
1360 2717 1574 2761 ecelesiae
1593 2717 1723 2760 Beati
1747 2717 1954 2761 Nicholai
1976 2717 2101 2773 burgi

939 2785 992 2826 de
1027 2785 1256 2828 Aberdene
1277 2785 1445 2828 factum
1477 2792 1677 2840 ternpore
1708 2785 2010 2840 prepositurae
2035 2786 2101 2827 Io-

941 2852 1102 2894 hannis
1134 2853 1272 2895 Vaus.
1337 2866 1446 2908 1444

2196 340 2287 364 PAGE

2231 526 2284 567 39

2230 663 2284 704 40

2229 801 2281 842 41

2230 871 2283 913 42

2226 996 2282 1038 ib.

2227 1146 2281 1187 43

2229 1213 2282 1256 45

2221 2852 2276 2893 60
