2524 3418
178 885 235 917 fol.
254 885 294 917 20
307 884 318 904 ²

472 358 526 399 44
701 346 831 389 Carta
867 345 1070 389 Willclmi
1099 346 1146 388 de
1177 346 1356 389 Camera
1385 345 1441 386 ad
1469 345 1600 386 altare
1631 345 1779 388 Sancte
1809 345 2042 388 Katlzarine

473 461 528 502 ad
561 460 774 503 terminos
803 460 926 516 regni
954 461 1131 503 vsuales
1158 459 1362 502 videlicet
1391 458 1621 502 dimidiam
1650 466 1821 514 partem
1849 461 1904 503 ad
1931 460 2093 503 festum
2125 466 2275 516 pente-

475 536 621 571 costes
643 537 685 572 et
709 530 841 572 aliam
875 529 1104 572 dimidiam
1134 535 1306 583 partem
1330 529 1384 571 ad
1406 528 1569 570 festum
1603 528 1757 572 Sancti
1784 529 1962 572 martini
1995 529 2039 572 in
2067 545 2195 585 yeme
2222 531 2276 572 de

475 598 606 640 terris
637 599 797 642 annuis
833 599 1078 642 redditibus
1110 598 1373 654 subscriptis
1393 598 1599 641 videlicet
1631 600 1684 642 de
1714 613 1801 642 vna
1832 606 1950 643 terra
1983 602 2163 643 Iacente
2192 614 2276 655 que

475 675 659 710 vocatur
686 669 756 711 via
788 668 973 711 Inferior
1001 668 1187 711 ecclesie
1211 683 1263 711 ex
1291 674 1416 723 parte
1441 668 1606 711 boreali
1636 668 1834 712 eiusdem
1857 669 1943 712 vici
1967 669 2083 713 inter
2109 677 2276 713 terram

476 738 699 791 quondam
731 737 945 780 Iohannis
968 738 1085 780 Crab
1113 751 1166 779 ex
1194 744 1318 792 parte
1346 737 1550 780 orientali
1579 744 1622 780 et
1651 744 1817 781 terram
1847 741 2070 794 quondam
2099 738 2274 795 gilbertj

478 807 678 860 Kynross
700 821 751 849 ex
774 813 898 861 parte
920 807 1184 850 occidentali
1203 807 1397 862 quinque
1415 807 1580 850 solidos
1598 809 1713 850 Item
1732 809 1785 851 de
1802 823 1888 851 vna
1904 815 2023 852 terra
2041 824 2125 864 que
2143 823 2279 864 quon-

477 876 579 918 dam
597 876 677 918 fuit
695 875 933 919 Alexandri
951 877 1004 919 de
1025 876 1147 932 gicht
1170 876 1215 919 in
1231 876 1329 919 vico
1351 877 1484 932 castrj
1505 877 1620 920 inter
1636 884 1799 921 terram
1818 879 2042 934 quondam
2060 877 2278 922 Willelmi

477 944 516 986 le
548 944 677 987 leitht
714 959 766 987 ex
802 952 928 1000 parte
964 945 1169 988 orientali
1201 952 1243 988 et
1275 952 1441 989 terram
1479 948 1703 1001 quondam
1734 947 1830 990 Ade
1861 947 2039 1003 pringill
2071 962 2124 990 ex
2155 953 2282 1002 parte

477 1013 741 1056 occidentali
770 1013 914 1056 decim
944 1014 1109 1057 solidos
1140 1016 1254 1057 Item
1278 1016 1331 1058 de
1353 1022 1472 1059 terra
1497 1017 1678 1059 Iacente
1707 1015 1751 1059 in
1773 1016 1870 1060 vico
1895 1017 2042 1073 Castrj
2074 1032 2127 1060 ex
2155 1023 2282 1073 parte

478 1084 641 1127 boreali
664 1083 861 1126 eiusdem
879 1083 964 1127 vici
987 1084 1103 1127 inter
1123 1091 1289 1128 terram
1310 1085 1490 1141 fergusii
1508 1087 1603 1129 Ade
1621 1101 1673 1129 ex
1689 1093 1815 1142 parte
1832 1087 2036 1130 orientali
2054 1094 2097 1130 et
2113 1094 2281 1131 terram

477 1155 701 1209 quondam
735 1154 951 1198 Iohannis
981 1169 1130 1211 penny
1155 1170 1207 1198 ex
1238 1162 1364 1211 parte
1395 1156 1662 1200 occidentali
1693 1157 1850 1213 viginti
1883 1157 2048 1200 solidos
2081 1159 2196 1200 Item
2229 1158 2283 1200 de

477 1231 593 1267 terra
622 1239 755 1280 quam
786 1226 839 1268 de
868 1239 939 1268 me
968 1232 1090 1268 tenet
1122 1226 1338 1281 galfridus
1369 1227 1591 1270 aurifaber
1624 1229 1805 1270 Iacente
1833 1227 1878 1270 in
1907 1228 1994 1270 fine
2022 1227 2108 1270 vici
2135 1228 2283 1271 Castri

478 1292 522 1335 in
554 1293 760 1348 opposito
792 1295 845 1336 de
877 1294 917 1337 le
949 1294 1170 1350 schipraw
1201 1295 1317 1338 inter
1348 1302 1513 1339 terram
1547 1298 1772 1351 quondam
1808 1296 2024 1340 Iohannis
2057 1297 2200 1353 stoyle
2232 1312 2286 1340 ex

478 1369 604 1417 parte
638 1363 823 1406 australi
861 1370 904 1406 et
940 1370 1104 1407 terram
1147 1364 1316 1407 domini
1352 1365 1592 1408 Alexandri
1628 1367 1682 1409 de
1720 1366 2008 1421 Kyndeloche
2041 1365 2193 1422 vicarij
2232 1368 2286 1410 de

479 1432 701 1476 Abirdene
738 1448 790 1476 ex
824 1440 950 1489 parte
982 1434 1148 1477 boreali
1181 1434 1405 1477 sexdecim
1438 1435 1604 1478 solidos
1636 1442 1679 1478 et
1711 1443 1812 1479 octo
1844 1436 2051 1479 denarios
2083 1437 2199 1479 Item
2231 1438 2286 1480 de

478 1517 565 1545 vno
594 1503 733 1546 crofto
763 1505 880 1558 quod
903 1504 956 1546 de
979 1518 1049 1546 me
1075 1510 1197 1547 tenet
1227 1504 1357 1547 heres
1385 1506 1610 1560 quondam
1641 1505 1856 1548 Iohannis
1879 1507 2136 1549 Corbrande
2164 1505 2288 1549 iuxta

479 1573 523 1628 ly
544 1573 819 1628 gallouhillis
847 1580 939 1616 tres
971 1574 1137 1618 solidos
1165 1581 1208 1617 et
1238 1581 1429 1630 quatuor
1457 1575 1663 1618 denarios
1696 1577 1811 1618 Item
1840 1582 1959 1618 terra
1985 1590 2119 1630 quarn
2142 1577 2196 1619 de
2218 1590 2289 1618 me

481 1648 602 1684 tenet
637 1643 914 1699 Nicholayus
936 1645 990 1686 de
1180 1645 1268 1696 (sic)
1298 1645 1351 1687 In
1373 1644 1470 1688 vico
1502 1645 1686 1688 nauium
1718 1645 1835 1688 inter
1865 1652 2031 1688 terram
2063 1646 2286 1700 quondam

482 1713 635 1755 thome
667 1713 720 1755 de
754 1727 850 1756 mar
882 1728 935 1756 ex
966 1719 1092 1768 parte
1124 1713 1290 1757 boreali
1322 1720 1366 1756 et
1397 1720 1564 1757 terram
1597 1715 1822 1769 quondam
1854 1714 1961 1757 dicti
1993 1714 2202 1770 nicholaij
2237 1729 2291 1757 ex

483 1789 609 1837 parte
631 1783 817 1826 australi
839 1789 930 1826 tres
953 1784 1118 1827 solidos
1140 1791 1182 1826 et
1206 1790 1396 1839 quatuor
1414 1784 1620 1828 denarios
1639 1786 1755 1827 Item
1778 1785 1832 1827 de
1852 1799 1940 1827 vna
1965 1790 2084 1828 terra
2109 1785 2292 1828 Iacente

485 1852 529 1894 in
561 1851 659 1895 vico
691 1867 776 1908 que
806 1860 992 1896 vocatur
1024 1853 1360 1909 netherkirkgat
1394 1868 1446 1897 ex
1477 1861 1604 1910 parte
1636 1854 1822 1898 australi
1849 1853 2048 1897 eiusdem
2069 1853 2155 1897 vici
2176 1854 2293 1898 inter

485 1928 650 1965 terram
683 1924 907 1978 quondam
941 1922 1104 1978 moritij
1141 1923 1304 1967 Sucide
1336 1924 1508 1968 sclexar
1537 1939 1590 1968 ex
1614 1931 1741 1980 parte
1772 1923 2039 1968 occidentali
2061 1930 2104 1967 et
2125 1930 2292 1968 terram

489 1992 674 2036 Roberti
697 1994 751 2036 de
773 1994 1011 2049 garnetuly
1042 2008 1095 2036 ex
1125 2000 1253 2048 parte
1284 1993 1491 2037 orientali
1513 2008 1676 2037 nouem
1708 1993 1874 2037 solidos
1905 1999 1948 2036 et
1981 2007 2058 2036 sex
2088 1992 2296 2036 denarios

492 2063 607 2104 Item
631 2064 684 2105 de
705 2077 793 2106 vna
825 2070 943 2106 terra
977 2065 1158 2106 Iacente
1180 2063 1225 2106 in
1246 2063 1345 2107 vico
1375 2064 1601 2107 furcarum
1634 2078 1687 2106 ex
1714 2070 1841 2119 parte
1869 2062 2075 2106 orientali
2096 2062 2295 2106 eiusdem

491 2135 614 2176 Inter
654 2140 820 2177 terram
863 2136 1088 2190 quondam
1129 2135 1282 2178 thome
1333 2135 1513 2191 springe
1554 2150 1607 2178 ex
1647 2141 1774 2190 parte
1819 2133 2005 2177 australi
2046 2139 2089 2176 et
2129 2139 2294 2176 terram

489 2202 696 2257 laurentij
731 2204 784 2246 de
816 2203 946 2246 leitht
978 2218 1031 2246 ex
1061 2210 1188 2258 parte
1220 2204 1386 2248 boreali
1408 2204 1566 2260 viginti
1599 2205 1710 2247 duos
1741 2203 1906 2246 solidos
1927 2210 1970 2246 et
1994 2217 2070 2245 sex
2091 2202 2296 2246 denarios

492 2274 607 2314 Item
638 2274 691 2314 de
719 2287 806 2315 vno
839 2273 978 2315 crofto
1013 2274 1194 2316 Iacente
1226 2288 1279 2316 ex
1310 2280 1437 2329 parte
1468 2272 1735 2316 occidentali
1767 2274 1820 2315 de
1851 2273 1896 2328 ly
1921 2273 2148 2315 denburne
2179 2273 2296 2327 quod

490 2348 676 2384 vocatur
697 2342 883 2397 grethed
906 2349 948 2385 et
972 2344 1025 2385 de
1046 2358 1133 2386 vno
1156 2344 1296 2386 crofto
1318 2344 1441 2387 iuxta
1462 2344 1648 2399 grethed
1671 2357 1724 2386 ex
1745 2349 1871 2398 parte
1892 2342 2158 2385 occidentali
2180 2343 2297 2397 quod

491 2410 573 2453 fuit
596 2412 821 2465 quondam
845 2412 1062 2455 Iohannis
1084 2413 1246 2468 Collinj
1283 2414 1343 2456 Et
1366 2415 1420 2456 de
1440 2428 1527 2456 vno
1560 2413 1698 2456 crofto
1722 2414 1903 2456 Iacente
1925 2413 1981 2455 ad
2003 2412 2137 2455 finem
2160 2426 2297 2467 quon-

494 2481 597 2522 dam
631 2480 757 2523 crofti
789 2481 942 2524 thome
964 2483 1018 2524 de
1040 2496 1138 2525 mar
1169 2483 1286 2525 inter
1318 2483 1508 2526 croftum
1535 2483 1760 2538 quondam
1794 2481 2009 2525 Iohannis
2030 2482 2084 2525 de
2106 2483 2224 2526 Crab
2246 2496 2299 2525 ex

495 2556 622 2604 parte
644 2549 848 2593 orientali
880 2558 923 2594 et
951 2566 1088 2594 vnum
1121 2553 1310 2595 eroftum
1342 2553 1531 2596 fratrum
1563 2552 1896 2596 carmelitarum
1925 2553 1979 2595 de
2001 2551 2224 2596 Abirdene
2247 2566 2300 2595 ex

496 2626 621 2675 parte
643 2619 908 2664 occidentali
930 2621 1087 2676 viginti
1111 2622 1277 2666 solidos
1307 2624 1422 2666 Item
1445 2624 1499 2666 de
1521 2623 1661 2666 crofto
1683 2623 1800 2677 quod
1821 2627 2007 2665 vocatur
2026 2621 2300 2677 gallouhillis

496 2703 549 2731 ex
565 2696 692 2743 parte
713 2689 918 2733 orientali
941 2691 1067 2746 burgi
1090 2698 1133 2734 et
1150 2707 1237 2735 vno
1259 2693 1399 2736 crofto
1417 2693 1534 2748 quod
1550 2698 1735 2735 vocatur
1756 2692 1975 2747 langeroft
1996 2691 2113 2735 inter
2132 2698 2298 2736 terram

495 2758 648 2801 thome
684 2759 871 2815 meray
907 2774 960 2803 ex
996 2768 1122 2815 parte
1164 2763 1348 2818 australj
1388 2769 1432 2806 et
1473 2763 1663 2806 croftum
1700 2763 1925 2817 quondam
1968 2761 2184 2806 Iohannis
2218 2763 2297 2819 filij

497 2828 672 2871 Andree
689 2828 846 2884 viginti
865 2829 1030 2873 solidos
1049 2832 1165 2874 Item
1183 2833 1237 2875 de
1260 2832 1412 2875 croftis
1430 2846 1514 2888 que
1532 2831 1652 2887 Emij
1672 2846 1698 2875 a
1716 2831 1918 2874 Iohanne
1934 2831 2107 2874 medico
2124 2831 2299 2887 anglico

498 2896 621 2939 iuxta
661 2898 705 2952 ly
746 2899 930 2942 stokrud
971 2899 1016 2942 in
1063 2901 1107 2956 ly
1147 2903 1375 2945 denburne
1421 2910 1464 2945 et
1511 2904 1566 2945 ad
1612 2903 1747 2945 finem
1791 2901 1938 2945 Castri
1987 2901 2202 2944 Iohannis
2247 2903 2301 2945 de

499 2966 687 3009 ressivat
725 2970 840 3021 quod
876 2977 1061 3012 vocatur
1096 2971 1140 3025 ly
1179 2972 1391 3014 Kilecroft
1429 2980 1620 3026 quatuor
1654 2972 1819 3014 solidos
1861 2973 1975 3013 Item
2008 2973 2061 3013 de
2094 2971 2301 3014 omnibus
