2524 3418
183 767 239 799 sol.
260 765 297 798 >1¹

478 302 526 333 12
909 289 961 331 In
994 288 1140 331 honore
1172 287 1434 330 Sanctissimc
1466 285 1619 327 Matris
1651 284 1830 327 Ecclesia

475 413 573 447 ston
604 407 656 448 dc
679 405 876 447 calentar
905 405 1101 446 Iohanne
1125 405 1176 445 de
1200 403 1394 445 cokburn
1418 408 1459 443 et
1484 400 1712 443 Willelmo
1739 401 1790 442 de
1818 406 2025 442 cranston
2060 399 2274 442 militibus

474 477 591 530 apud
616 475 876 529 Edinburgh
901 475 1094 516 secundo
1117 473 1185 515 die
1208 471 1360 526 aprilis
1383 485 1499 513 anno
1523 470 1643 524 regni
1667 469 1804 511 nostri
1829 469 1982 523 quinto

1341 668 1420 709 IX.

592 755 703 806 [HN
763 753 927 795 honore
978 749 1268 793 veneracione
1331 747 1627 792 adornaeione
1683 755 1725 790 et
1779 747 2084 803 Reparacione
2141 749 2276 790 Sanc-

476 822 647 865 tissime
709 821 864 864 matris
925 827 1074 863 nostre
1130 818 1375 873 spiritualis
1429 817 1615 860 ecclesie
1671 832 1722 859 ex
1779 817 1905 860 cuius
1960 817 2128 872 gremio
2184 816 2277 859 nati

476 892 640 934 suimus
672 893 726 934 ad
753 891 891 933 vitam
918 897 960 932 et
989 888 1291 931 saluacionem
1322 894 1517 930 testante
1544 886 1724 930 domino
1750 886 1794 928 in
1823 887 2071 941 Euangelio
2103 886 2278 929 dicente

478 961 756 1004 Nichodemo
785 961 959 1004 dicente
994 961 1180 1013 Oportet
1203 973 1282 1001 vos
1304 957 1427 1000 nasci
1458 959 1602 1000 denuo
1632 957 1716 999 nisi
1747 957 1844 1011 quis
1873 963 2054 999 renatus
2075 956 2205 999 fuerit
2228 971 2280 998 ex

477 1046 591 1085 aqua
620 1038 662 1073 et
691 1029 847 1085 spiritu
875 1036 1030 1072 sancto
1063 1043 1150 1071 non
1184 1034 1330 1083 potest
1353 1028 1500 1070 videre
1526 1041 1710 1081 regnum
1738 1026 1806 1069 dei
1836 1027 1969 1069 homo
2001 1033 2202 1069 terrenus
2224 1025 2280 1068 sit

477 1100 655 1143 celestis
677 1115 754 1155 per
775 1114 936 1154 aquam
961 1098 1170 1153 baptismi
1194 1105 1236 1140 et
1260 1098 1316 1140 sit
1340 1097 1556 1140 transitus
1578 1098 1631 1139 de
1654 1103 1837 1152 peceato
1857 1098 1910 1139 ad
1925 1096 2063 1139 vitam
2082 1098 2135 1139 de
2153 1097 2283 1151 culpa

478 1172 532 1213 ad
548 1157 746 1226 ’graciam
770 1172 823 1213 de
846 1169 1184 1225 inquinamento
1207 1170 1261 1211 ad
1285 1167 1694 1211 sanctificacionem
1714 1168 1773 1209 Et
1792 1166 1865 1221 qui
1884 1181 1960 1221 per
1981 1167 2097 1209 hanc
2120 1181 2282 1221 aquarn

479 1240 638 1283 transit
662 1255 750 1283 non
780 1240 966 1283 moritur
995 1241 1070 1282 sed
1099 1245 1299 1293 resurgat
1331 1239 1431 1280 Due
1454 1244 1556 1280 sunt
1580 1236 1842 1280 natiuitates
1869 1250 1956 1278 vna
1978 1237 2031 1278 de
2052 1243 2170 1278 terra
2198 1235 2286 1279 alia

480 1313 532 1354 de
559 1311 653 1353 celo
675 1317 826 1353 tamen
855 1310 1161 1352 Nichodemus
1187 1323 1274 1350 non
1301 1315 1486 1351 nouerat
1514 1307 1598 1349 nisi
1624 1321 1757 1349 vnam
1787 1305 2072 1349 natiuitatem
2095 1307 2148 1349 de
2169 1312 2286 1349 terra

481 1396 532 1423 ex
555 1383 698 1423 Adam
731 1388 773 1422 et
806 1394 889 1423 eua
921 1380 1159 1422 carnaliter
1183 1394 1235 1421 ex
1261 1380 1343 1421 deo
1369 1385 1411 1420 et
1439 1377 1627 1420 ecclesia
1659 1378 1855 1420 nondum
1889 1383 2074 1419 nouerat
2107 1378 2160 1419 de
2191 1377 2286 1419 celo

483 1451 773 1506 spiritualiter
795 1452 897 1493 Non
920 1457 1105 1493 nouerat
1129 1449 1213 1491 nisi
1237 1464 1313 1492 eos
1336 1456 1543 1504 parentes
1566 1448 1638 1502 qui
1662 1447 1785 1490 duxit
1803 1449 1858 1490 ad
1877 1454 2065 1490 mortem
2088 1447 2285 1490 nondum

482 1528 666 1564 nouerat
704 1535 779 1563 eos
816 1527 1023 1575 parentes
1057 1520 1130 1574 qui
1165 1526 1365 1574 gererent
1402 1521 1456 1562 ad
1490 1519 1628 1561 vitam
1666 1517 1972 1560 Nichodemus
2009 1516 2285 1572 intelligebat

481 1605 614 1634 vnam
657 1589 941 1633 natiuitatem
980 1591 1032 1632 de
1069 1596 1185 1631 terra
1227 1588 1340 1631 idest
1384 1603 1486 1631 caro
1520 1590 1573 1631 de
1610 1602 1741 1630 carne
1784 1588 2027 1630 secundum
2070 1588 2201 1629 adam
2244 1592 2287 1628 et

482 1675 611 1703 euarn
655 1660 892 1703 carnaliter
933 1660 1187 1702 Secundam
1223 1666 1373 1701 autem
1409 1658 1693 1701 natiuitatem
1732 1659 1785 1700 de
1819 1658 1913 1699 celo
1947 1671 2035 1699 non
2070 1655 2287 1698 intellexit

482 1730 596 1773 idest
629 1729 811 1785 spiritus
842 1731 895 1772 de
928 1729 1086 1784 spiritu
1124 1730 1366 1771 secundum
1406 1728 1623 1770 christum
1656 1734 1698 1770 et
1731 1727 1967 1769 eeclesiam
2000 1725 2290 1781 spiritualiter

483 1802 726 1856 Apostolus
758 1800 864 1843 dicit
902 1800 1071 1855 primus
1103 1800 1237 1842 homo
1270 1801 1323 1842 de
1354 1805 1471 1841 terra
1508 1806 1709 1841 terrenus
1746 1798 1860 1841 idest
1897 1799 2028 1840 adam
2067 1797 2289 1840 secundus

484 1872 617 1914 homo
652 1872 705 1913 de
740 1871 834 1913 celo
876 1870 1054 1913 celestis
1090 1869 1204 1912 idest
1241 1868 1436 1912 christus
1474 1870 1543 1910 Ex
1580 1870 1711 1911 adam
1749 1883 1832 1910 eua
1866 1882 1918 1910 ex
1950 1866 2117 1909 christo
2150 1865 2289 1909 creuit

484 1942 673 1985 ecclesia
705 1943 848 1984 Adam
883 1940 1087 1996 peccauit
1120 1940 1315 1983 christus
1349 1955 1449 1982 eum
1486 1939 1678 1982 saluauit
1712 1938 1882 1994 primus
1913 1939 2047 1980 homo
2083 1943 2291 1992 peccator

485 2014 707 2055 secundus
748 2013 882 2054 homo
920 2012 1118 2054 saluator
1156 2011 1362 2054 Ecclesia
1400 2017 1557 2054 sancta
1593 2017 1660 2052 est
1698 2016 1841 2052 mater
1876 2009 2075 2051 omniurn
2113 2009 2290 2050 creden-

485 2082 602 2125 cium
635 2097 718 2136 que
753 2091 883 2125 natos
920 2082 1158 2124 carnaliter
1189 2083 1244 2125 ad
1277 2088 1465 2124 mortem
1501 2088 1543 2123 et
1578 2080 1949 2136 dampnacionem
1987 2081 2290 2134 Regeneratos

486 2152 776 2208 spiritualiter
809 2155 864 2196 ad
893 2153 1032 2195 vitam
1071 2152 1271 2207 perducit
1308 2159 1350 2195 et
1389 2151 1691 2195 saluacionem
1728 2153 1895 2194 Sancta
1929 2156 2072 2192 mater
2103 2148 2291 2191 ecclesia

487 2223 531 2265 in
554 2223 696 2278 primo
723 2223 902 2266 homine
933 2224 1201 2278 prefigurata
1224 2230 1291 2265 est
1314 2237 1418 2266 nam
1442 2237 1494 2265 ex
1516 2223 1653 2265 latere
1675 2223 1769 2265 Ade
1796 2219 2057 2264 dormientis
2077 2218 2293 2263 fabricata

485 2292 567 2334 fuit
599 2306 683 2335 eua
715 2307 880 2347 sponsa
916 2293 1108 2335 carnalis
1146 2294 1227 2335 ade
1265 2299 1408 2335 mater
1443 2306 1657 2347 penarum
1690 2298 1732 2333 et
1765 2288 2104 2345 dampnacionis
2139 2290 2209 2331 Ita
2241 2303 2293 2331 ex

487 2362 624 2404 latere
647 2362 801 2405 christi
825 2369 867 2405 et
889 2364 1070 2405 vulnere
1099 2363 1334 2418 pendentis
1356 2363 1400 2405 in
1424 2377 1553 2406 cruce
1576 2362 1714 2405 creuit
1739 2361 1928 2404 ecelesia
1951 2367 2106 2403 sancta
2129 2374 2294 2415 sponsa

489 2431 733 2485 spiritualis
779 2431 933 2474 christi
982 2439 1125 2474 mater
1172 2433 1472 2475 misericordie
1510 2439 1553 2474 et
1593 2430 1869 2474 saluacionis
1910 2432 2053 2472 Latus
2098 2428 2293 2472 hominis

488 2499 749 2542 dormientis
783 2501 954 2555 aperuit
987 2503 1096 2544 deus
1132 2516 1212 2544 nec
1251 2517 1352 2545 eum
1387 2508 1538 2545 tamen
1572 2517 1597 2544 a
1629 2501 1778 2556 quieto
1812 2515 1968 2555 sopore
2004 2498 2216 2542 excitauit
2249 2498 2293 2540 in

488 2583 573 2622 quo
606 2569 746 2611 eciam
780 2584 910 2624 opere
943 2578 1274 2614 sacramentum
1308 2571 1463 2614 christi
1500 2578 1543 2613 et
1580 2570 1766 2614 ecclesie
1805 2571 2045 2625 figuratum
2078 2575 2145 2611 est
2178 2567 2295 2625 Quia

490 2637 604 2680 sicut
638 2639 796 2681 mulier
827 2639 987 2683 coniux
1013 2642 1107 2683 Ade
1139 2656 1191 2684 ex
1223 2642 1360 2684 latere
1386 2641 1466 2683 viri
1495 2642 1686 2684 formata
1718 2647 1785 2683 est
1817 2642 1886 2682 Ita
1919 2645 2075 2682 sancta
2107 2637 2295 2681 ecclesia

490 2714 633 2750 mater
659 2709 777 2751 alma
804 2709 963 2752 coniux
993 2711 1147 2754 christi
1174 2726 1226 2754 ex
1253 2711 1547 2754 sacramentis
1574 2726 1657 2765 que
1680 2712 1732 2753 de
1755 2710 1937 2753 uulnere
1963 2707 2115 2752 lateris
2141 2706 2295 2750 christi

491 2777 534 2819 in
568 2793 696 2821 cruce
726 2781 988 2823 dormientis
1019 2782 1319 2836 perfluxerunt
1352 2782 1535 2837 sanguis
1566 2788 1609 2824 et
1643 2796 1757 2836 aqua
1788 2780 1947 2835 quibus
1980 2778 2240 2822 redimimur
2271 2791 2296 2820 a

491 2847 616 2901 penis
645 2855 687 2890 et
718 2850 940 2893 abluimur
965 2865 990 2893 a
1017 2851 1160 2906 culpis
1191 2852 1340 2894 Prima
1372 2851 1587 2895 natiuitas
1619 2850 1857 2893 carnaliter
1888 2849 2093 2905 produxit
2127 2862 2209 2890 nos
2240 2847 2296 2890 ad

492 2926 679 2959 mortem
705 2919 910 2962 Secunda
929 2920 1144 2963 natiuitas
1167 2929 1345 2964 reuocat
1365 2936 1446 2964 nos
1469 2921 1758 2976 spiritualiter
1776 2921 1830 2962 ad
1848 2919 1986 2962 vitam
2007 2920 2089 2961 Per
2106 2917 2294 2972 primam
