2524 3418
404 319 483 360 168
822 315 951 358 Carta
974 314 1207 369 seodzfirme
1237 314 1406 369 confecta
1436 314 1602 356 Andree
1632 316 1787 369 Durtty

400 432 580 487 aliqualj
607 437 808 474 nostrum
831 436 907 473 aut
931 443 1238 471 successorum
1273 435 1527 471 nostrorum
1561 435 1636 471 aut
1669 428 1857 472 aliorum
1890 444 2200 484 quorumcum-

400 516 483 557 que
504 501 864 544 REDDENDO
893 499 993 541 inde
1016 498 1248 541 annuatim
1272 498 1377 541 dieti
1401 500 1591 542 andreas
1613 499 1679 554 suj
1704 499 1891 542 heredes
1917 506 1959 542 et
1982 500 2198 556 assignatj

400 572 528 615 nobis
560 579 602 613 et
627 569 956 613 successoribus
988 568 1153 610 nostris
1175 568 1418 623 capellanis
1440 568 1546 610 dicti
1569 568 1741 623 collegij
1778 569 1899 612 chori
1926 569 2014 624 diuj
2039 569 2199 625 nieolaj

400 644 453 685 de
477 641 685 684 abirdene
708 654 842 682 vnum
866 653 1064 681 annuum
1097 638 1317 681 redditum
1344 639 1577 681 duodecim
1611 653 1862 681 marcarum
1886 654 1986 681 cum
2010 639 2203 682 dimedio

402 726 548 754 marce
571 710 773 752 videlicet
797 709 1008 751 tredecim
1033 708 1197 750 solidos
1219 715 1261 750 et
1285 715 1475 763 quatuor
1505 709 1712 751 denarios
1733 723 1811 764 pro
1834 709 2029 764 qualibet
2052 724 2202 752 marca

401 781 568 823 vsualis
601 786 777 821 monete
809 778 930 833 regnj
966 778 1104 820 scotie
1133 793 1211 832 pro
1243 784 1444 832 tempore
1476 778 1694 820 currentis
1725 778 1957 821 annuatim
1987 778 2203 834 imperpe-

402 858 527 892 tuum
552 864 627 903 per
655 848 835 902 equales
867 849 978 889 duas
1010 847 1180 889 medias
1212 847 1438 902 portiones
1470 849 1525 890 ad
1557 849 1668 890 duos
1699 848 1802 903 annj
1827 848 2042 891 terminos
2063 848 2204 903 penti-

402 929 548 962 costes
570 919 773 961 videlicet
797 925 840 960 et
864 918 1005 960 sancti
1031 917 1208 972 martinj
1231 919 1282 959 In
1301 917 1447 960 hieme
1469 932 1547 972 per
1569 919 1750 973 equales
1772 919 1997 974 portiones
2015 920 2202 961 Necnon

403 990 632 1044 capellano
655 995 867 1042 perpetuo
890 987 1043 1030 altaris
1066 987 1209 1029 sancti
1233 987 1472 1030 saluatoris
1503 987 1616 1030 infra
1645 988 1879 1031 ecclesiam
1903 988 2203 1043 parochialem

403 1061 751 1101 aberdonensem
782 1057 955 1099 fundati
986 1071 1122 1099 vnum
1156 1071 1354 1099 annuum
1386 1057 1608 1099 redditum
1638 1057 1934 1112 quadraginta
1963 1058 2205 1100 solidorum

403 1129 600 1171 eiusdem
625 1134 802 1170 monete
834 1134 877 1168 et
911 1126 1116 1168 similiter
1146 1140 1302 1169 omnes
1335 1126 1447 1169 alios
1479 1141 1651 1169 annuos
1683 1127 1883 1169 redditus
1911 1133 2014 1170 ante
2037 1127 2203 1170 dictam

403 1207 602 1242 nostram
644 1197 966 1241 alienacionem
1008 1198 1061 1239 de
1103 1197 1357 1252 huiusmodj
1395 1197 1526 1239 terris
1562 1197 1723 1240 debitis
1759 1204 1802 1240 et
1841 1196 2066 1240 consuetis
2109 1198 2205 1239 FA-

405 1269 647 1313 CIENDO
672 1268 806 1310 etiarn
831 1281 1038 1322 supremo
1061 1267 1241 1309 domino
1267 1274 1419 1310 nostro
1441 1267 1532 1322 regi
1556 1267 1793 1310 seruieium
1817 1267 2080 1322 burgagium
2103 1266 2205 1310 inde

405 1338 602 1381 debitum
626 1344 668 1380 et
692 1345 956 1380 consuetum
979 1344 1156 1379 tantum
1179 1352 1258 1392 pro
1280 1336 1401 1379 omni
1434 1337 1521 1379 alio
1554 1337 1741 1380 seruicio
1764 1337 1953 1380 seculari
1975 1336 2206 1379 exactione

405 1422 482 1450 seu
515 1409 735 1450 demanda
767 1422 851 1462 que
883 1409 936 1449 de
969 1407 1167 1462 predicto
1199 1413 1456 1449 tenemento
1493 1421 1594 1449 cum
1632 1406 1918 1461 pertinenciis
1955 1406 2206 1461 aliqualiter

405 1477 519 1531 exigi
542 1477 734 1532 poterint
757 1483 833 1519 aut
856 1477 1015 1531 requirj
1042 1478 1102 1518 Et
1126 1478 1222 1519 Nos
1241 1491 1346 1519 vero
1375 1476 1481 1519 dicti
1514 1483 1696 1519 curatus
1725 1477 1941 1532 capellanj
1967 1482 2010 1519 et
2033 1491 2206 1519 succes-

407 1559 528 1587 sores
560 1545 699 1587 nostri
731 1552 875 1588 totum
909 1552 951 1587 et
984 1545 1206 1600 integrum
1240 1545 1408 1588 dictum
1440 1552 1748 1588 tenementum
1781 1560 1882 1588 cum
1919 1546 2207 1601 pertinenciis

406 1614 524 1657 dicto
561 1616 723 1658 andree
756 1615 848 1657 suis
884 1615 1120 1657 heredibus
1157 1622 1200 1657 et
1237 1615 1477 1670 assignatis
1509 1630 1587 1670 per
1622 1629 1777 1657 omnes
1809 1616 2114 1670 possessiones
2145 1616 2206 1658 Et

406 1699 579 1727 annuos
620 1685 818 1727 redditus
858 1691 1034 1728 nostros
1076 1692 1231 1728 contra
1272 1700 1428 1728 omnes
1469 1686 1680 1728 mortales
1719 1685 2098 1728 varantizabimus
2138 1700 2209 1729 ac-

407 1755 705 1810 quietabimus
756 1763 798 1798 et
852 1757 1187 1811 Imperpetuum
1236 1757 1524 1799 defendemus
1574 1756 1781 1799 omnibus
1831 1757 1983 1799 fraude
2024 1763 2067 1799 et
2108 1757 2210 1800 dolo

409 1825 595 1867 seclusis
629 1827 680 1868 In
704 1825 829 1868 cuius
857 1825 918 1880 rej
944 1825 1251 1868 testimonium
1284 1826 1480 1881 sigillum
1512 1832 1716 1868 nostrum
1749 1840 1986 1869 commune
2015 1840 2208 1869 vnacum

409 1896 735 1951 subscriptione
767 1896 907 1951 curatj
942 1903 984 1938 et
1018 1896 1199 1939 maioris
1231 1897 1370 1952 partis
1401 1896 1585 1952 capituli
1621 1895 1761 1939 nostri
1794 1897 1981 1938 Necnon
2013 1895 2209 1951 sigillum

409 1966 682 2010 honorabilis
695 1966 775 2022 virj
796 1966 1022 2009 alexandri
1044 1966 1275 2022 ruyerfurd
1291 1967 1421 2009 vnius
1438 1967 1704 2009 balliuorum
1723 1965 1828 2009 dicti
1845 1965 1971 2021 burgi
1986 1972 2028 2008 et
2043 1965 2211 2009 datoris

411 2036 557 2079 sasine
579 2036 859 2092 presentibus
881 2043 984 2079 sunt
1007 2051 1205 2092 appensa
1227 2038 1343 2092 apud
1367 2038 1556 2080 eundem
1579 2036 1751 2079 decimo
1774 2036 1843 2079 die
1866 2035 2032 2078 mensis
2054 2035 2207 2091 marcij

410 2121 527 2149 anno
550 2107 715 2161 dominj
741 2106 979 2149 millesimo
1002 2107 1359 2162 quingentesimo
1381 2106 1609 2162 trigesimo
1632 2107 1826 2149 secundo
1849 2120 2000 2148 coram
2022 2105 2212 2149 testibus

411 2176 606 2231 prouidis
621 2183 664 2218 et
679 2176 882 2219 discretis
895 2176 1002 2219 viris
1021 2178 1221 2220 Iohanne
1239 2192 1419 2232 murray
1432 2179 1608 2220 roberto
1623 2177 1726 2219 blak
1741 2176 1875 2219 dauid
1889 2182 2007 2219 arrot
2025 2177 2212 2231 burgen-

411 2246 533 2288 sibus
561 2247 613 2288 de
642 2246 849 2289 abirdene
878 2246 1070 2289 dominis
1100 2247 1300 2290 Iohanne
1328 2262 1452 2290 waus
1480 2246 1710 2290 Willelmo
1736 2245 1944 2300 philpson
1972 2246 2211 2288 alexandro

412 2317 674 2358 robertsoun
717 2316 960 2371 capellanis
996 2318 1161 2359 andrea
1196 2332 1320 2360 waus
1354 2317 1589 2360 collectore
1625 2316 1956 2371 capellanorum
1990 2330 2069 2370 pro
2100 2321 2211 2357 tem-

412 2400 517 2440 pore
550 2386 705 2428 thoma
742 2386 922 2428 huntair
955 2386 1188 2441 sergiando
1221 2393 1264 2428 et
1297 2386 1511 2441 magistro
1545 2384 1704 2427 dauide
1736 2384 2001 2426 nicholsoun
2037 2384 2212 2426 notario

413 2455 588 2511 publico
621 2463 663 2498 et
706 2456 850 2499 scriba
882 2455 1001 2498 curie
1033 2456 1299 2499 balliuorum
1337 2454 1645 2499 abirdonensis
1676 2468 1777 2496 cum
1815 2452 2003 2496 diuersis
2039 2453 2138 2495 aliis
2169 2458 2213 2495 et

414 2525 602 2581 singulis

585 2665 683 2707 Hec
706 2670 772 2706 est
794 2678 899 2707 vera
921 2670 963 2707 et
986 2663 1239 2707 indubitata
1261 2663 1392 2718 copia
1413 2662 1671 2718 principalis
1698 2668 1819 2705 carte
1844 2661 2091 2705 feudifirme
2113 2675 2215 2704 con-

583 2735 772 2776 cordans
806 2734 859 2775 In
891 2733 1098 2776 omnibus
1131 2748 1232 2776 eum
1266 2733 1468 2788 originali
1500 2733 1561 2774 nil
1594 2733 1796 2775 addendo
1826 2732 1896 2774 vel
1928 2731 2216 2774 diminuendo

585 2804 700 2857 quod
741 2802 847 2845 facti
889 2803 1193 2846 substanciam
1238 2805 1454 2845 Immutet
1499 2809 1575 2845 aut
1626 2802 1903 2844 intellectum
1943 2801 2086 2844 variat
2129 2801 2215 2843 col-

585 2871 808 2914 lacionata
849 2886 926 2927 per
966 2887 1036 2914 me
1078 2872 1342 2927 magistrum
1396 2872 1643 2914 Iohannem
1685 2863 1950 2914 nicholsoun
1991 2869 2215 2913 notarium

586 2941 812 2997 publicum
836 2956 887 2984 ac
911 2941 1103 2984 scribam
1126 2941 1275 2997 oppidi
1297 2941 1614 2985 aberdonensis
1636 2939 1934 2996 subscriptum

482 2695 525 2966 tunqdusfionqn
