2524 3418
185 1733 240 1763 sol.
262 1734 298 1763 81
313 1731 323 1751 ¹

184 1827 280 1857 leitht

188 2561 296 2601 Crage

189 2832 307 2873 broyss

474 293 555 333 206
915 293 1071 334 Tabula
1103 292 1358 347 quorundam
1389 293 1544 334 ecclesie
1576 293 1867 348 benefactorum

478 408 528 448 In
556 407 816 461 witnessing
848 407 893 448 of
917 422 969 461 ,γε
1002 406 1195 460 quhilkis
1226 420 1291 447 we
1321 406 1435 448 haue
1465 407 1668 461 appensit
1699 421 1779 449 our
1807 408 1959 450 Secret
1989 407 2095 450 Seill
2127 408 2174 450 of
2200 408 2276 451 the

474 476 568 518 said
591 477 731 530 burgh
759 483 804 518 to
827 476 915 517 thir
937 476 1089 517 lettres
1112 482 1157 516 at
1181 475 1255 516 the
1280 489 1463 529 samyne
1486 476 1561 517 the
1584 476 1718 518 aucht
1741 477 1827 530 day
1849 476 1894 517 of
1912 476 1987 518 the
2011 477 2213 518 monetht
2236 477 2282 519 of

474 546 579 599 May
602 546 676 587 the
699 545 787 587 zeir
813 545 858 587 of
876 546 960 599 god
985 559 1067 586 ane
1090 544 1313 586 thousand
1338 544 1419 586 five
1443 545 1700 587 hundreitht
1725 546 1810 587 and
1833 545 1968 587 aucht
1990 545 2102 587 zeris

645 685 695 724 In
726 682 860 725 Curia
891 682 1083 737 Capitali
1119 682 1254 737 Burgi
1287 683 1339 724 de
1368 682 1588 725 Abirdene
1618 690 1742 725 tenta
1772 685 1824 725 In
1861 682 2051 738 pretorio
2081 683 2277 725 eiusdem

643 753 836 794 secundo
865 751 934 794 die
966 751 1131 794 mensis
1163 752 1356 794 octobris
1385 753 1514 794 Anno
1547 753 1713 795 domini
1746 752 1983 795 millesimo
2021 753 2281 807 quingente-

644 821 755 862 simo
793 829 954 863 octauo
992 835 1152 875 magne
1186 821 1420 876 probitatis
1451 821 1517 863 vir
1549 822 1762 876 gilbertus
1797 821 1993 864 Menzeis
2027 821 2278 876 prepositus

645 892 698 932 de
733 905 951 932 consensu
986 891 1170 932 consilio
1205 898 1248 932 et
1282 905 1467 933 assensu
1506 891 1770 934 balliuorum
1809 892 2041 933 consulum
2081 898 2124 933 et
2162 905 2278 933 com-

646 961 879 1002 munitatis
911 961 1036 1015 burgi
1068 961 1265 1002 eiusdem
1296 961 1367 1015 quj
1399 976 1476 1016 pro
1506 968 1704 1016 ternpore
1737 961 1940 1004 affuerint
1970 961 2280 1004 vniuersaliter

645 1031 829 1072 adunati
868 1031 1097 1073 mandauit
1135 1038 1176 1073 et
1217 1032 1403 1074 Iubebat
1445 1039 1673 1086 presentes
1711 1047 1862 1074 eorum
1906 1032 2078 1074 litteras
2121 1031 2277 1086 Sigillo

647 1100 827 1141 Secreto
857 1100 961 1154 dictj
993 1100 1118 1155 burgj
1149 1100 1342 1142 roborari
1372 1107 1415 1142 et
1444 1101 1708 1155 communirj
1741 1103 1857 1156 apud
1887 1101 2156 1156 Capellanos
2184 1115 2278 1155 pre-

646 1169 901 1211 nominatos
942 1170 1259 1224 perpetualiter
1309 1185 1595 1213 remansuras
1635 1170 1772 1212 Teste
1817 1177 1912 1212 tota
1960 1170 2081 1212 curia
2122 1176 2164 1211 et
2206 1183 2278 1211 me

646 1240 846 1281 Iohanne
881 1240 1159 1295 Baidienagh
1193 1239 1369 1294 publico
1403 1241 1590 1283 Notario
1622 1241 1667 1282 in
1698 1240 2005 1283 testimonium
2045 1239 2278 1294 Requisito

646 1309 716 1350 hic
746 1323 816 1350 me
845 1309 1148 1351 subscribente
1177 1310 1258 1351 sub
1288 1309 1414 1364 signo
1444 1325 1542 1352 meo
1571 1310 1769 1352 manuali
1799 1311 1928 1352 Anno
1957 1309 2026 1352 die
2055 1323 2208 1351 mense
2233 1314 2277 1350 et

648 1378 744 1420 loco
767 1378 1035 1433 supradictis

938 1448 1163 1490 Iohannes
1186 1448 1464 1503 Baidienagh
1487 1448 1686 1491 notarius
1708 1448 1911 1503 publicus
1934 1462 2069 1491 manu
2091 1462 2192 1489 mea

528 920 569 1191 tunqdeffiosiqs)

1323 1644 1442 1686 CIV.

592 1733 722 1774 NNO
746 1732 912 1786 dominj
938 1732 1174 1774 millesimo
1197 1734 1260 1775 &c
1287 1732 1558 1774 honorabilis
1579 1732 1645 1773 vir
1665 1732 1901 1774 willelmus
1923 1731 2058 1772 leithe
2079 1737 2280 1785 tempore

648 1816 727 1842 suo
749 1801 923 1843 ornauit
951 1808 992 1843 et
1019 1802 1244 1844 decorauit
1268 1802 1502 1844 ecclesiam
1526 1801 1825 1856 parochialem
1850 1800 1967 1843 beati
1990 1800 2198 1854 nicholaij
2226 1801 2280 1841 de

480 1870 687 1912 abirdene
714 1885 814 1912 cum
841 1872 1013 1913 duabus
1040 1871 1215 1925 magnis
1241 1871 1472 1926 campanis
1498 1871 1648 1926 magnj
1677 1871 1811 1925 precij
1840 1870 1884 1912 in
1907 1869 2147 1924 campanili
2176 1883 2279 1924 pen-

479 1940 686 1981 dentibus
722 1940 973 1994 sumptibus
1007 1947 1049 1982 et
1083 1941 1288 1995 expensis
1326 1940 1417 1982 suis
1453 1940 1640 1996 propriis
1677 1955 1862 1994 quarum
1899 1953 2062 1981 nomen
2099 1938 2280 1981 maioris

479 2023 696 2063 campane
733 2009 984 2052 laurencius
1021 2016 1063 2052 et
1101 2010 1283 2052 alterius
1325 2009 1465 2052 maria
1507 2010 1633 2052 cuius
1675 2009 1821 2052 anime
1862 2009 2132 2064 propicietur
2171 2009 2280 2051 deus

478 2079 622 2120 Amen

597 2217 719 2258 Idem
743 2217 979 2259 willelmus
1005 2217 1180 2260 ornauit
1207 2218 1374 2260 dictam
1401 2217 1634 2260 ecclesiam
1661 2232 1762 2260 cum
1785 2216 2053 2259 vestimento
2079 2217 2280 2259 sacerdo-

479 2286 557 2328 tali
580 2286 802 2340 completo
824 2293 867 2328 et
890 2301 1032 2341 cappa
1054 2289 1107 2329 de
1130 2288 1276 2330 blodio
1298 2288 1490 2329 wolueto
1516 2287 1664 2342 magnj
1690 2287 1822 2341 precij
1854 2287 2042 2341 desuper
2066 2287 2280 2328 deaurata

480 2356 532 2397 de
562 2355 605 2409 ly
633 2355 824 2410 orfroyss
853 2356 947 2397 auri
977 2371 1028 2398 ac
1057 2357 1156 2399 aliis
1184 2357 1448 2399 vtensilibus
1477 2358 1532 2399 ad
1561 2357 1727 2399 dictam
1757 2355 2126 2398 conuenientibus
2154 2355 2280 2398 euius

480 2424 630 2467 anima
653 2424 697 2466 in
721 2425 827 2467 celis
850 2426 1104 2469 Collocetur
1125 2427 1269 2469 Amen

599 2564 788 2605 Iacobus
820 2578 949 2618 crage
981 2564 1213 2620 burgensis
1244 2566 1297 2607 de
1329 2564 1536 2607 abirdene
1567 2564 1633 2606 vir
1663 2563 1874 2619 prouidus
1906 2570 1948 2606 et
1979 2563 2178 2606 famosus
2209 2564 2280 2606 de-

483 2633 651 2675 corauit
689 2640 731 2674 et
769 2634 943 2676 ornauit
987 2635 1126 2676 altare
1169 2635 1322 2677 Sancti
1359 2634 1568 2689 nicholaij
1608 2648 1709 2676 cum
1746 2648 1884 2688 parua
1919 2633 2127 2688 ymagine
2163 2632 2281 2676 beati

483 2702 691 2756 nicholaij
718 2702 844 2744 cuius
867 2703 1014 2745 anime
1037 2703 1306 2759 propicietur
1327 2705 1435 2746 deus

600 2841 773 2884 Nobilis
795 2842 974 2884 domina
997 2842 1180 2885 cristina
1202 2843 1241 2885 le
1263 2844 1419 2898 broyss
1440 2842 1616 2885 ornauit
1638 2848 1680 2884 et
1707 2841 1934 2884 decorauit
1961 2842 2100 2884 altare
2127 2840 2281 2884 Sancti

483 2909 692 2966 nicholaij
717 2925 818 2953 cum
842 2911 978 2954 calice
1001 2912 1172 2967 argenti
1195 2913 1408 2956 deaurata
1430 2912 1651 2967 lapidibus
1673 2911 1884 2967 preciosis
1905 2918 1975 2954 etc
