<?xml version="1.0" encoding="UTF-8"?>
<!DOCTYPE html PUBLIC "-//W3C//DTD XHTML 1.0 Transitional//EN"
    "http://www.w3.org/TR/xhtml1/DTD/xhtml1-transitional.dtd">
<html xmlns="http://www.w3.org/1999/xhtml" xml:lang="en" lang="en">
 <head>
  <title>
</title>
<meta http-equiv="Content-Type" content="text/html;charset=utf-8" />
  <meta name='ocr-system' content='tesseract 3.04.00' />
  <meta name='ocr-capabilities' content='ocr_page ocr_carea ocr_par ocr_line ocrx_word'/>
</head>
<body>
  <div class='ocr_page' id='page_1' title='image "./cartulariumeccle01sainuoft_0154.png"; bbox 0 0 2524 3418; ppageno 0'>
   <div class='ocr_carea' id='block_1_1' title="bbox 141 1661 273 1694">
    <p class='ocr_par' dir='ltr' id='par_1_1' title="bbox 141 1661 273 1694">
     <span class='ocr_line' id='line_1_1' title="bbox 141 1661 273 1694; baseline 0.015 -2"><span class='ocrx_word' id='word_1_1' title='bbox 141 1663 194 1693; x_wconf 83' lang='lat' dir='ltr'><strong>sol.</strong></span> <span class='ocrx_word' id='word_1_2' title='bbox 213 1661 273 1694; x_wconf 84' lang='lat'><strong>50ยน</strong></span> 
     </span>
    </p>
   </div>
   <div class='ocr_carea' id='block_1_2' title="bbox 229 1758 309 1788">
    <p class='ocr_par' dir='ltr' id='par_1_2' title="bbox 229 1758 309 1788">
     <span class='ocr_line' id='line_1_2' title="bbox 229 1758 309 1788; baseline 0 0"><span class='ocrx_word' id='word_1_3' title='bbox 229 1758 309 1788; x_wconf 83' lang='lat'>1594</span> 
     </span>
    </p>
   </div>
   <div class='ocr_carea' id='block_1_3' title="bbox 438 325 1741 381">
    <p class='ocr_par' dir='ltr' id='par_1_3' title="bbox 438 325 1741 381">
     <span class='ocr_line' id='line_1_3' title="bbox 438 325 1741 381; baseline 0.001 -16"><span class='ocrx_word' id='word_1_4' title='bbox 438 337 511 366; x_wconf 85' lang='lat'><strong>122</strong></span> <span class='ocrx_word' id='word_1_5' title='bbox 924 327 1052 368; x_wconf 82' lang='lat' dir='ltr'><strong>Carta</strong></span> <span class='ocrx_word' id='word_1_6' title='bbox 1078 331 1281 381; x_wconf 70' lang='lat' dir='ltr'><em>processus</em></span> <span class='ocrx_word' id='word_1_7' title='bbox 1312 325 1358 366; x_wconf 78' lang='lat' dir='ltr'><strong>de</strong></span> <span class='ocrx_word' id='word_1_8' title='bbox 1390 329 1497 366; x_wconf 79' lang='lat' dir='ltr'><strong>terra</strong></span> <span class='ocrx_word' id='word_1_9' title='bbox 1530 325 1658 366; x_wconf 73' lang='lat' dir='ltr'><strong>thome</strong></span> <span class='ocrx_word' id='word_1_10' title='bbox 1689 335 1741 379; x_wconf 85' lang='lat' dir='ltr'><strong>og</strong></span> 
     </span>
    </p>
   </div>
   <div class='ocr_carea' id='block_1_4' title="bbox 430 435 2232 1175">
    <p class='ocr_par' dir='ltr' id='par_1_4' title="bbox 430 435 2232 1175">
     <span class='ocr_line' id='line_1_4' title="bbox 432 435 2228 493; baseline -0.002 -13"><span class='ocrx_word' id='word_1_11' title='bbox 432 439 628 493; x_wconf 84' lang='lat' dir='ltr'><strong>prefatus</strong></span> <span class='ocrx_word' id='word_1_12' title='bbox 660 440 865 482; x_wconf 89' lang='lat' dir='ltr'><strong>dominus</strong></span> <span class='ocrx_word' id='word_1_13' title='bbox 891 441 1113 482; x_wconf 87' lang='lat' dir='ltr'><strong>Iohannes</strong></span> <span class='ocrx_word' id='word_1_14' title='bbox 1145 445 1322 482; x_wconf 89' lang='lat' dir='ltr'><strong>nostras</strong></span> <span class='ocrx_word' id='word_1_15' title='bbox 1344 438 1496 481; x_wconf 86' lang='lat' dir='ltr'>literas</span> <span class='ocrx_word' id='word_1_16' title='bbox 1517 436 1842 480; x_wconf 83' lang='lat' dir='ltr'>testimoniales</span> <span class='ocrx_word' id='word_1_17' title='bbox 1874 435 2032 491; x_wconf 86' lang='lat' dir='ltr'><strong>sigillis</strong></span> <span class='ocrx_word' id='word_1_18' title='bbox 2062 435 2228 478; x_wconf 90' lang='lat' dir='ltr'><strong>nostris</strong></span> 
     </span>
     <span class='ocr_line' id='line_1_5' title="bbox 430 502 2228 560; baseline -0.002 -13"><span class='ocrx_word' id='word_1_19' title='bbox 430 508 688 549; x_wconf 81' lang='lat' dir='ltr'><strong>roborandis</strong></span> <span class='ocrx_word' id='word_1_20' title='bbox 720 522 908 550; x_wconf 76' lang='lat' dir='ltr'><strong>vnacum</strong></span> <span class='ocrx_word' id='word_1_21' title='bbox 945 506 1269 560; x_wconf 81' lang='lat' dir='ltr'><strong>subscriptione</strong></span> <span class='ocrx_word' id='word_1_22' title='bbox 1303 505 1464 560; x_wconf 89' lang='lat' dir='ltr'><strong>notarij</strong></span> <span class='ocrx_word' id='word_1_23' title='bbox 1499 505 1662 560; x_wconf 91' lang='lat' dir='ltr'><strong>publicj</strong></span> <span class='ocrx_word' id='word_1_24' title='bbox 1700 503 1936 559; x_wconf 84' lang='lat' dir='ltr'><strong>subscripti</strong></span> <span class='ocrx_word' id='word_1_25' title='bbox 1973 502 2228 545; x_wconf 89' lang='lat' dir='ltr'><strong>reuerencia</strong></span> 
     </span>
     <span class='ocr_line' id='line_1_6' title="bbox 431 570 2229 629; baseline -0.002 -14"><span class='ocrx_word' id='word_1_26' title='bbox 431 574 578 616; x_wconf 88' lang='lat' dir='ltr'><strong>debita</strong></span> <span class='ocrx_word' id='word_1_27' title='bbox 606 575 739 629; x_wconf 87' lang='lat' dir='ltr'><strong>pecijt</strong></span> <span class='ocrx_word' id='word_1_28' title='bbox 763 589 873 629; x_wconf 89' lang='lat' dir='ltr'><strong>quas</strong></span> <span class='ocrx_word' id='word_1_29' title='bbox 896 574 1038 616; x_wconf 86' lang='lat' dir='ltr'><strong>eidem</strong></span> <span class='ocrx_word' id='word_1_30' title='bbox 1066 573 1300 616; x_wconf 86' lang='lat' dir='ltr'><strong>caritatiue</strong></span> <span class='ocrx_word' id='word_1_31' title='bbox 1323 573 1627 616; x_wconf 87' lang='lat' dir='ltr'><strong>concessimus</strong></span> <span class='ocrx_word' id='word_1_32' title='bbox 1648 574 1778 614; x_wconf 92' lang='lat' dir='ltr'><strong>Anno</strong></span> <span class='ocrx_word' id='word_1_33' title='bbox 1800 572 1869 615; x_wconf 92' lang='lat' dir='ltr'><strong>die</strong></span> <span class='ocrx_word' id='word_1_34' title='bbox 1892 585 2044 613; x_wconf 89' lang='lat' dir='ltr'><strong>mense</strong></span> <span class='ocrx_word' id='word_1_35' title='bbox 2067 576 2110 612; x_wconf 92' lang='lat' dir='ltr'><strong>et</strong></span> <span class='ocrx_word' id='word_1_36' title='bbox 2132 570 2229 612; x_wconf 90' lang='lat' dir='ltr'><strong>loco</strong></span> 
     </span>
     <span class='ocr_line' id='line_1_7' title="bbox 431 636 2230 697; baseline -0.003 -13"><span class='ocrx_word' id='word_1_37' title='bbox 431 642 752 697; x_wconf 81' lang='lat' dir='ltr'><strong>prenominatis</strong></span> <span class='ocrx_word' id='word_1_38' title='bbox 797 642 1045 684; x_wconf 90' lang='lat' dir='ltr'><strong>Indictione</strong></span> <span class='ocrx_word' id='word_1_39' title='bbox 1096 641 1268 684; x_wconf 89' lang='lat' dir='ltr'><strong>decima</strong></span> <span class='ocrx_word' id='word_1_40' title='bbox 1311 648 1470 696; x_wconf 86' lang='lat' dir='ltr'><strong>quarta</strong></span> <span class='ocrx_word' id='word_1_41' title='bbox 1515 641 1818 696; x_wconf 86' lang='lat' dir='ltr'><strong>pontifficatus</strong></span> <span class='ocrx_word' id='word_1_42' title='bbox 1870 637 2140 692; x_wconf 88' lang='lat' dir='ltr'><strong>sanctissimj</strong></span> <span class='ocrx_word' id='word_1_43' title='bbox 2185 636 2230 679; x_wconf 90' lang='lat' dir='ltr'><strong>in</strong></span> 
     </span>
     <span class='ocr_line' id='line_1_8' title="bbox 431 705 2230 765; baseline -0.002 -14"><span class='ocrx_word' id='word_1_44' title='bbox 431 711 598 752; x_wconf 86' lang='lat' dir='ltr'><strong>christo</strong></span> <span class='ocrx_word' id='word_1_45' title='bbox 636 711 773 765; x_wconf 88' lang='lat' dir='ltr'><strong>patris</strong></span> <span class='ocrx_word' id='word_1_46' title='bbox 808 717 849 752; x_wconf 87' lang='lat' dir='ltr'><strong>ct</strong></span> <span class='ocrx_word' id='word_1_47' title='bbox 883 709 1049 752; x_wconf 90' lang='lat' dir='ltr'><strong>domini</strong></span> <span class='ocrx_word' id='word_1_48' title='bbox 1085 709 1223 752; x_wconf 90' lang='lat' dir='ltr'><strong>nostri</strong></span> <span class='ocrx_word' id='word_1_49' title='bbox 1262 709 1428 752; x_wconf 90' lang='lat' dir='ltr'><strong>domini</strong></span> <span class='ocrx_word' id='word_1_50' title='bbox 1469 709 1569 764; x_wconf 91' lang='lat' dir='ltr'><strong>Iulij</strong></span> <span class='ocrx_word' id='word_1_51' title='bbox 1609 708 1761 751; x_wconf 89' lang='lat' dir='ltr'><strong>diuina</strong></span> <span class='ocrx_word' id='word_1_52' title='bbox 1795 705 2081 763; x_wconf 87' lang='lat' dir='ltr'><strong>prouidencia</strong></span> <span class='ocrx_word' id='word_1_53' title='bbox 2117 719 2230 761; x_wconf 91' lang='lat' dir='ltr'><strong>pape</strong></span> 
     </span>
     <span class='ocr_line' id='line_1_9' title="bbox 433 773 2231 833; baseline -0.003 -12"><span class='ocrx_word' id='word_1_54' title='bbox 433 779 613 833; x_wconf 86' lang='lat' dir='ltr'><strong>secundj</strong></span> <span class='ocrx_word' id='word_1_55' title='bbox 641 793 757 821; x_wconf 88' lang='lat' dir='ltr'><strong>anno</strong></span> <span class='ocrx_word' id='word_1_56' title='bbox 789 785 950 821; x_wconf 89' lang='lat' dir='ltr'><strong>octauo</strong></span> <span class='ocrx_word' id='word_1_57' title='bbox 982 779 1094 820; x_wconf 91' lang='lat' dir='ltr'><strong>Aeta</strong></span> <span class='ocrx_word' id='word_1_58' title='bbox 1127 783 1252 820; x_wconf 87' lang='lat' dir='ltr'><strong>erant</strong></span> <span class='ocrx_word' id='word_1_59' title='bbox 1286 778 1367 820; x_wconf 89' lang='lat' dir='ltr'><strong>hec</strong></span> <span class='ocrx_word' id='word_1_60' title='bbox 1400 777 1444 819; x_wconf 91' lang='lat' dir='ltr'><strong>in</strong></span> <span class='ocrx_word' id='word_1_61' title='bbox 1477 777 1595 819; x_wconf 88' lang='lat' dir='ltr'><strong>dicto</strong></span> <span class='ocrx_word' id='word_1_62' title='bbox 1627 776 1819 832; x_wconf 91' lang='lat' dir='ltr'><strong>pretorio</strong></span> <span class='ocrx_word' id='word_1_63' title='bbox 1854 776 1964 818; x_wconf 91' lang='lat' dir='ltr'><strong>hora</strong></span> <span class='ocrx_word' id='word_1_64' title='bbox 1995 773 2231 816; x_wconf 90' lang='lat' dir='ltr'><strong>vndecima</strong></span> 
     </span>
     <span class='ocr_line' id='line_1_10' title="bbox 433 842 2230 898; baseline -0.002 -11"><span class='ocrx_word' id='word_1_65' title='bbox 433 854 535 888; x_wconf 90' lang='lat' dir='ltr'><strong>ante</strong></span> <span class='ocrx_word' id='word_1_66' title='bbox 559 846 786 888; x_wconf 80' lang='lat' dir='ltr'><strong>meridiem</strong></span> <span class='ocrx_word' id='word_1_67' title='bbox 811 845 880 888; x_wconf 89' lang='lat' dir='ltr'><strong>uel</strong></span> <span class='ocrx_word' id='word_1_68' title='bbox 905 845 1076 888; x_wconf 92' lang='lat' dir='ltr'><strong>cocirca</strong></span> <span class='ocrx_word' id='word_1_69' title='bbox 1100 847 1181 888; x_wconf 91' lang='lat' dir='ltr'><strong>sub</strong></span> <span class='ocrx_word' id='word_1_70' title='bbox 1207 859 1324 888; x_wconf 90' lang='lat' dir='ltr'><strong>anno</strong></span> <span class='ocrx_word' id='word_1_71' title='bbox 1347 845 1415 888; x_wconf 93' lang='lat' dir='ltr'><strong>die</strong></span> <span class='ocrx_word' id='word_1_72' title='bbox 1439 859 1591 887; x_wconf 86' lang='lat' dir='ltr'><strong>mense</strong></span> <span class='ocrx_word' id='word_1_73' title='bbox 1623 844 1865 887; x_wconf 89' lang='lat' dir='ltr'><strong>indictione</strong></span> <span class='ocrx_word' id='word_1_74' title='bbox 1888 849 1931 885; x_wconf 90' lang='lat' dir='ltr'><strong>et</strong></span> <span class='ocrx_word' id='word_1_75' title='bbox 1954 842 2230 898; x_wconf 87' lang='lat' dir='ltr'><strong>pontifficatu</strong></span> 
     </span>
     <span class='ocr_line' id='line_1_11' title="bbox 433 908 2232 969; baseline -0.003 -13"><span class='ocrx_word' id='word_1_76' title='bbox 433 914 592 968; x_wconf 90' lang='lat' dir='ltr'><strong>quibus</strong></span> <span class='ocrx_word' id='word_1_77' title='bbox 625 928 756 968; x_wconf 91' lang='lat' dir='ltr'><strong>super</strong></span> <span class='ocrx_word' id='word_1_78' title='bbox 787 914 1068 969; x_wconf 91' lang='lat' dir='ltr'><strong>presentibus</strong></span> <span class='ocrx_word' id='word_1_79' title='bbox 1100 913 1262 956; x_wconf 90' lang='lat' dir='ltr'><strong>ibidem</strong></span> <span class='ocrx_word' id='word_1_80' title='bbox 1286 913 1482 968; x_wconf 89' lang='lat' dir='ltr'><strong>prouidis</strong></span> <span class='ocrx_word' id='word_1_81' title='bbox 1504 920 1547 956; x_wconf 91' lang='lat' dir='ltr'><strong>et</strong></span> <span class='ocrx_word' id='word_1_82' title='bbox 1571 912 1773 955; x_wconf 90' lang='lat' dir='ltr'><strong>honestis</strong></span> <span class='ocrx_word' id='word_1_83' title='bbox 1794 911 1899 954; x_wconf 91' lang='lat' dir='ltr'><strong>viris</strong></span> <span class='ocrx_word' id='word_1_84' title='bbox 1921 909 2109 966; x_wconf 90' lang='lat' dir='ltr'><strong>patricio</strong></span> <span class='ocrx_word' id='word_1_85' title='bbox 2140 908 2232 952; x_wconf 91' lang='lat' dir='ltr'><strong>reid</strong></span> 
     </span>
     <span class='ocr_line' id='line_1_12' title="bbox 433 980 2232 1036; baseline -0.002 -12"><span class='ocrx_word' id='word_1_86' title='bbox 433 982 565 1025; x_wconf 90' lang='lat' dir='ltr'><strong>dauid</strong></span> <span class='ocrx_word' id='word_1_87' title='bbox 598 989 767 1026; x_wconf 89' lang='lat' dir='ltr'><strong>steuart</strong></span> <span class='ocrx_word' id='word_1_88' title='bbox 800 983 933 1026; x_wconf 92' lang='lat' dir='ltr'><strong>dauid</strong></span> <span class='ocrx_word' id='word_1_89' title='bbox 967 998 1063 1026; x_wconf 90' lang='lat' dir='ltr'><strong>mar</strong></span> <span class='ocrx_word' id='word_1_90' title='bbox 1095 983 1266 1025; x_wconf 91' lang='lat' dir='ltr'><strong>seniore</strong></span> <span class='ocrx_word' id='word_1_91' title='bbox 1288 985 1453 1026; x_wconf 88' lang='lat' dir='ltr'><strong>andrea</strong></span> <span class='ocrx_word' id='word_1_92' title='bbox 1475 983 1693 1026; x_wconf 90' lang='lat' dir='ltr'><strong>meldrum</strong></span> <span class='ocrx_word' id='word_1_93' title='bbox 1718 983 1924 1025; x_wconf 90' lang='lat' dir='ltr'><strong>duncano</strong></span> <span class='ocrx_word' id='word_1_94' title='bbox 1944 980 2026 1036; x_wconf 83' lang='lat' dir='ltr'><strong>fyff</strong></span> <span class='ocrx_word' id='word_1_95' title='bbox 2046 980 2232 1034; x_wconf 88' lang='lat' dir='ltr'><strong>burgen-</strong></span> 
     </span>
     <span class='ocr_line' id='line_1_13' title="bbox 433 1049 2232 1106; baseline -0.001 -15"><span class='ocrx_word' id='word_1_96' title='bbox 433 1050 554 1092; x_wconf 84' lang='lat' dir='ltr'><strong>sibus</strong></span> <span class='ocrx_word' id='word_1_97' title='bbox 576 1050 681 1105; x_wconf 90' lang='lat' dir='ltr'><strong>dictj</strong></span> <span class='ocrx_word' id='word_1_98' title='bbox 716 1051 842 1106; x_wconf 86' lang='lat' dir='ltr'><strong>burgj</strong></span> <span class='ocrx_word' id='word_1_99' title='bbox 877 1052 1123 1094; x_wconf 91' lang='lat' dir='ltr'><strong>normando</strong></span> <span class='ocrx_word' id='word_1_100' title='bbox 1155 1050 1294 1106; x_wconf 90' lang='lat' dir='ltr'><strong>lesley</strong></span> <span class='ocrx_word' id='word_1_101' title='bbox 1315 1053 1479 1094; x_wconf 88' lang='lat' dir='ltr'><strong>andrea</strong></span> <span class='ocrx_word' id='word_1_102' title='bbox 1501 1050 1712 1094; x_wconf 91' lang='lat' dir='ltr'><strong>nauchtie</strong></span> <span class='ocrx_word' id='word_1_103' title='bbox 1735 1057 1778 1092; x_wconf 90' lang='lat' dir='ltr'><strong>et</strong></span> <span class='ocrx_word' id='word_1_104' title='bbox 1800 1049 1988 1105; x_wconf 89' lang='lat' dir='ltr'><strong>gilberto</strong></span> <span class='ocrx_word' id='word_1_105' title='bbox 2020 1053 2232 1103; x_wconf 90' lang='lat' dir='ltr'><strong>prestoun</strong></span> 
     </span>
     <span class='ocr_line' id='line_1_14' title="bbox 433 1118 1854 1175; baseline 0.001 -16"><span class='ocrx_word' id='word_1_106' title='bbox 433 1118 690 1173; x_wconf 86' lang='lat' dir='ltr'><strong>sergeandis</strong></span> <span class='ocrx_word' id='word_1_107' title='bbox 712 1119 902 1162; x_wconf 90' lang='lat' dir='ltr'><strong>testibus</strong></span> <span class='ocrx_word' id='word_1_108' title='bbox 925 1121 979 1163; x_wconf 92' lang='lat' dir='ltr'><strong>ad</strong></span> <span class='ocrx_word' id='word_1_109' title='bbox 1002 1118 1219 1175; x_wconf 85' lang='lat' dir='ltr'><strong>premissa</strong></span> <span class='ocrx_word' id='word_1_110' title='bbox 1241 1119 1412 1163; x_wconf 91' lang='lat' dir='ltr'><strong>vocatis</strong></span> <span class='ocrx_word' id='word_1_111' title='bbox 1434 1119 1600 1175; x_wconf 90' lang='lat' dir='ltr'><strong>pariter</strong></span> <span class='ocrx_word' id='word_1_112' title='bbox 1622 1125 1664 1162; x_wconf 91' lang='lat' dir='ltr'><strong>et</strong></span> <span class='ocrx_word' id='word_1_113' title='bbox 1687 1118 1854 1174; x_wconf 89' lang='lat' dir='ltr'><strong>rogatis</strong></span> 
     </span>
    </p>
   </div>
   <div class='ocr_carea' id='block_1_5' title="bbox 606 1215 2232 1343">
    <p class='ocr_par' dir='ltr' id='par_1_5' title="bbox 606 1215 2232 1343">
     <span class='ocr_line' id='line_1_15' title="bbox 607 1215 2232 1275; baseline -0.002 -15"><span class='ocrx_word' id='word_1_114' title='bbox 607 1219 666 1260; x_wconf 88' lang='lat' dir='ltr'><strong>Et</strong></span> <span class='ocrx_word' id='word_1_115' title='bbox 685 1233 765 1273; x_wconf 90' lang='lat' dir='ltr'><strong>ego</strong></span> <span class='ocrx_word' id='word_1_116' title='bbox 785 1219 1010 1262; x_wconf 88' lang='lat' dir='ltr'><strong>Iohannes</strong></span> <span class='ocrx_word' id='word_1_117' title='bbox 1028 1220 1260 1275; x_wconf 89' lang='lat' dir='ltr'><strong>stirueling</strong></span> <span class='ocrx_word' id='word_1_118' title='bbox 1277 1221 1506 1275; x_wconf 88' lang='lat' dir='ltr'><strong>presbyter</strong></span> <span class='ocrx_word' id='word_1_119' title='bbox 1523 1218 1677 1262; x_wconf 88' lang='lat' dir='ltr'><strong>Sancti</strong></span> <span class='ocrx_word' id='word_1_120' title='bbox 1695 1219 1862 1261; x_wconf 89' lang='lat' dir='ltr'><strong>andrea</strong></span> <span class='ocrx_word' id='word_1_121' title='bbox 1879 1215 2018 1259; x_wconf 90' lang='lat' dir='ltr'><strong>sacris</strong></span> <span class='ocrx_word' id='word_1_122' title='bbox 2041 1215 2232 1258; x_wconf 90' lang='lat' dir='ltr'><strong>auetori-</strong></span> 
     </span>
     <span class='ocr_line' id='line_1_16' title="bbox 606 1286 1380 1343; baseline 0.001 -15"><span class='ocrx_word' id='word_1_123' title='bbox 606 1286 775 1329; x_wconf 88' lang='lat' dir='ltr'><strong>tatibus</strong></span> <span class='ocrx_word' id='word_1_124' title='bbox 797 1287 1018 1342; x_wconf 91' lang='lat' dir='ltr'><strong>imperiali</strong></span> <span class='ocrx_word' id='word_1_125' title='bbox 1040 1294 1083 1330; x_wconf 93' lang='lat' dir='ltr'><strong>et</strong></span> <span class='ocrx_word' id='word_1_126' title='bbox 1108 1288 1245 1343; x_wconf 88' lang='lat' dir='ltr'><strong>regali</strong></span> <span class='ocrx_word' id='word_1_127' title='bbox 1281 1321 1290 1329; x_wconf 86' lang='lat'><strong>.</strong></span> <span class='ocrx_word' id='word_1_128' title='bbox 1328 1321 1335 1329; x_wconf 89' lang='lat'><strong>.</strong></span> <span class='ocrx_word' id='word_1_129' title='bbox 1374 1322 1380 1329; x_wconf 93' lang='lat'><strong>.</strong></span> 
     </span>
    </p>
   </div>
   <div class='ocr_carea' id='block_1_6' title="bbox 827 1375 1843 1432">
    <p class='ocr_par' dir='ltr' id='par_1_6' title="bbox 827 1375 1843 1432">
     <span class='ocr_line' id='line_1_17' title="bbox 827 1375 1843 1432; baseline -0.003 -14"><span class='ocrx_word' id='word_1_130' title='bbox 827 1377 1120 1418; x_wconf 83' lang='lat' dir='ltr'><strong>Testimonium</strong></span> <span class='ocrx_word' id='word_1_131' title='bbox 1146 1377 1302 1419; x_wconf 76' lang='lat' dir='ltr'><strong>notarii</strong></span> <span class='ocrx_word' id='word_1_132' title='bbox 1324 1375 1482 1432; x_wconf 78' lang='lat' dir='ltr'><strong>publici</strong></span> <span class='ocrx_word' id='word_1_133' title='bbox 1507 1375 1588 1429; x_wconf 82' lang='lat' dir='ltr'><strong>legi</strong></span> <span class='ocrx_word' id='word_1_134' title='bbox 1612 1389 1693 1416; x_wconf 80' lang='lat' dir='ltr'><strong>non</strong></span> <span class='ocrx_word' id='word_1_135' title='bbox 1716 1378 1843 1429; x_wconf 76' lang='lat' dir='ltr'><strong>potest</strong></span> 
     </span>
    </p>
   </div>
   <div class='ocr_carea' id='block_1_7' title="bbox 1242 1549 1436 1591">
    <p class='ocr_par' dir='ltr' id='par_1_7' title="bbox 1242 1549 1436 1591">
     <span class='ocr_line' id='line_1_18' title="bbox 1242 1549 1436 1591; baseline -0.01 0"><span class='ocrx_word' id='word_1_136' title='bbox 1242 1549 1436 1591; x_wconf 89' lang='lat' dir='ltr'><strong>LXVII.</strong></span> 
     </span>
    </p>
   </div>
   <div class='ocr_carea' id='block_1_8' title="bbox 552 1632 2238 1748">
    <p class='ocr_par' dir='ltr' id='par_1_8' title="bbox 552 1632 2238 1748">
     <span class='ocr_line' id='line_1_19' title="bbox 552 1632 2236 1692; baseline -0.004 -12"><span class='ocrx_word' id='word_1_137' title='bbox 552 1639 850 1680; x_wconf 80' lang='lat' dir='ltr'><strong>NIVERSIS</strong></span> <span class='ocrx_word' id='word_1_138' title='bbox 883 1645 925 1680; x_wconf 92' lang='lat' dir='ltr'><strong>et</strong></span> <span class='ocrx_word' id='word_1_139' title='bbox 959 1637 1146 1692; x_wconf 85' lang='lat' dir='ltr'><strong>singulis</strong></span> <span class='ocrx_word' id='word_1_140' title='bbox 1178 1638 1234 1679; x_wconf 90' lang='lat' dir='ltr'><strong>ad</strong></span> <span class='ocrx_word' id='word_1_141' title='bbox 1266 1650 1452 1691; x_wconf 90' lang='lat' dir='ltr'><strong>quorum</strong></span> <span class='ocrx_word' id='word_1_142' title='bbox 1480 1634 1692 1677; x_wconf 87' lang='lat' dir='ltr'><strong>noticiam</strong></span> <span class='ocrx_word' id='word_1_143' title='bbox 1725 1639 1953 1688; x_wconf 91' lang='lat' dir='ltr'><strong>presentes</strong></span> <span class='ocrx_word' id='word_1_144' title='bbox 1974 1632 2120 1675; x_wconf 87' lang='lat' dir='ltr'><strong>littere</strong></span> <span class='ocrx_word' id='word_1_145' title='bbox 2141 1647 2236 1687; x_wconf 91' lang='lat' dir='ltr'><strong>per-</strong></span> 
     </span>
     <span class='ocr_line' id='line_1_20' title="bbox 607 1703 2238 1748; baseline -0.003 0"><span class='ocrx_word' id='word_1_146' title='bbox 607 1706 809 1748; x_wconf 91' lang='lat' dir='ltr'><strong>uenerint</strong></span> <span class='ocrx_word' id='word_1_147' title='bbox 842 1707 1079 1748; x_wconf 81' lang='lat' dir='ltr'><strong>alexander</strong></span> <span class='ocrx_word' id='word_1_148' title='bbox 1113 1705 1389 1748; x_wconf 88' lang='lat' dir='ltr'><strong>Ruderfurde</strong></span> <span class='ocrx_word' id='word_1_149' title='bbox 1422 1704 1660 1746; x_wconf 85' lang='lat' dir='ltr'><strong>alexander</strong></span> <span class='ocrx_word' id='word_1_150' title='bbox 1683 1717 1861 1744; x_wconf 83' lang='lat' dir='ltr'><strong>menzes</strong></span> <span class='ocrx_word' id='word_1_151' title='bbox 1886 1703 2119 1744; x_wconf 90' lang='lat' dir='ltr'><strong>duncanus</strong></span> <span class='ocrx_word' id='word_1_152' title='bbox 2140 1716 2238 1744; x_wconf 89' lang='lat' dir='ltr'><strong>mar</strong></span> 
     </span>
    </p>
   </div>
   <div class='ocr_carea' id='block_1_9' title="bbox 142 1769 2236 1829">
    <p class='ocr_par' dir='ltr' id='par_1_9' title="bbox 142 1769 2236 1829">
     <span class='ocr_line' id='line_1_21' title="bbox 142 1769 2236 1829; baseline -0.006 -6"><span class='ocrx_word' id='word_1_153' title='bbox 142 1802 229 1823; x_wconf 80' lang='lat' dir='ltr'><strong>nunc</strong></span> <span class='ocrx_word' id='word_1_154' title='bbox 243 1791 403 1822; x_wconf 74' lang='lat' dir='ltr'><strong>heredum</strong></span> <span class='ocrx_word' id='word_1_155' title='bbox 435 1783 477 1817; x_wconf 87' lang='lat' dir='ltr'><strong>et</strong></span> <span class='ocrx_word' id='word_1_156' title='bbox 511 1774 707 1829; x_wconf 89' lang='lat' dir='ltr'><strong>patricus</strong></span> <span class='ocrx_word' id='word_1_157' title='bbox 739 1774 876 1829; x_wconf 90' lang='lat' dir='ltr'><strong>lesley</strong></span> <span class='ocrx_word' id='word_1_158' title='bbox 911 1774 1062 1816; x_wconf 90' lang='lat' dir='ltr'><strong>Iunior</strong></span> <span class='ocrx_word' id='word_1_159' title='bbox 1094 1773 1245 1827; x_wconf 88' lang='lat' dir='ltr'><strong>balliuj</strong></span> <span class='ocrx_word' id='word_1_160' title='bbox 1280 1772 1406 1827; x_wconf 86' lang='lat' dir='ltr'><strong>burgi</strong></span> <span class='ocrx_word' id='word_1_161' title='bbox 1438 1773 1491 1814; x_wconf 91' lang='lat' dir='ltr'><strong>de</strong></span> <span class='ocrx_word' id='word_1_162' title='bbox 1523 1771 1705 1814; x_wconf 87' lang='lat' dir='ltr'><strong>abirden</strong></span> <span class='ocrx_word' id='word_1_163' title='bbox 1738 1771 1955 1812; x_wconf 90' lang='lat' dir='ltr'><strong>Eternam</strong></span> <span class='ocrx_word' id='word_1_164' title='bbox 1981 1771 2033 1811; x_wconf 94' lang='lat' dir='ltr'><strong>In</strong></span> <span class='ocrx_word' id='word_1_165' title='bbox 2055 1769 2236 1812; x_wconf 89' lang='lat' dir='ltr'><strong>domino</strong></span> 
     </span>
    </p>
   </div>
   <div class='ocr_carea' id='block_1_10' title="bbox 140 1835 372 1953">
    <p class='ocr_par' dir='ltr' id='par_1_10' title="bbox 140 1835 372 1953">
     <span class='ocr_line' id='line_1_22' title="bbox 140 1835 311 1877; baseline -0.006 -11"><span class='ocrx_word' id='word_1_166' title='bbox 140 1835 311 1877; x_wconf 85' lang='lat' dir='ltr'><strong>quondam</strong></span> 
     </span>
     <span class='ocr_line' id='line_1_23' title="bbox 142 1879 291 1918; baseline -0.007 -9"><span class='ocrx_word' id='word_1_167' title='bbox 142 1879 291 1918; x_wconf 77' lang='lat' dir='ltr'><strong>vilhelmj</strong></span> 
     </span>
     <span class='ocr_line' id='line_1_24' title="bbox 142 1922 372 1953; baseline -0.004 -1"><span class='ocrx_word' id='word_1_168' title='bbox 142 1922 372 1953; x_wconf 80' lang='lat' dir='ltr'><strong>rannoldsoun</strong></span> 
     </span>
    </p>
   </div>
   <div class='ocr_carea' id='block_1_11' title="bbox 435 1836 2243 2989">
    <p class='ocr_par' dir='ltr' id='par_1_11' title="bbox 435 1836 2243 2989">
     <span class='ocr_line' id='line_1_25' title="bbox 437 1836 2237 1896; baseline -0.003 -12"><span class='ocrx_word' id='word_1_169' title='bbox 437 1843 638 1885; x_wconf 87' lang='lat' dir='ltr'><strong>Salutem</strong></span> <span class='ocrx_word' id='word_1_170' title='bbox 682 1856 782 1884; x_wconf 92' lang='lat' dir='ltr'><strong>cum</strong></span> <span class='ocrx_word' id='word_1_171' title='bbox 826 1841 947 1896; x_wconf 90' lang='lat' dir='ltr'><strong>pium</strong></span> <span class='ocrx_word' id='word_1_172' title='bbox 990 1841 1046 1883; x_wconf 89' lang='lat' dir='ltr'><strong>sit</strong></span> <span class='ocrx_word' id='word_1_173' title='bbox 1089 1848 1131 1883; x_wconf 88' lang='lat' dir='ltr'><strong>et</strong></span> <span class='ocrx_word' id='word_1_174' title='bbox 1174 1840 1449 1883; x_wconf 91' lang='lat' dir='ltr'><strong>meritorium</strong></span> <span class='ocrx_word' id='word_1_175' title='bbox 1486 1838 1615 1881; x_wconf 89' lang='lat' dir='ltr'><strong>fidele</strong></span> <span class='ocrx_word' id='word_1_176' title='bbox 1656 1837 1965 1880; x_wconf 90' lang='lat' dir='ltr'><strong>testimonium</strong></span> <span class='ocrx_word' id='word_1_177' title='bbox 2007 1836 2237 1892; x_wconf 89' lang='lat' dir='ltr'><strong>perhibere</strong></span> 
     </span>
     <span class='ocr_line' id='line_1_26' title="bbox 435 1903 2237 1962; baseline -0.003 -10"><span class='ocrx_word' id='word_1_178' title='bbox 435 1910 612 1952; x_wconf 87' lang='lat' dir='ltr'><strong>veritati</strong></span> <span class='ocrx_word' id='word_1_179' title='bbox 646 1910 705 1951; x_wconf 92' lang='lat' dir='ltr'><strong>Et</strong></span> <span class='ocrx_word' id='word_1_180' title='bbox 738 1915 946 1951; x_wconf 88' lang='lat' dir='ltr'><strong>notanter</strong></span> <span class='ocrx_word' id='word_1_181' title='bbox 977 1909 1021 1950; x_wconf 93' lang='lat' dir='ltr'><strong>in</strong></span> <span class='ocrx_word' id='word_1_182' title='bbox 1054 1908 1140 1950; x_wconf 88' lang='lat' dir='ltr'><strong>hiis</strong></span> <span class='ocrx_word' id='word_1_183' title='bbox 1166 1923 1250 1962; x_wconf 91' lang='lat' dir='ltr'><strong>que</strong></span> <span class='ocrx_word' id='word_1_184' title='bbox 1279 1921 1429 1950; x_wconf 91' lang='lat' dir='ltr'><strong>coram</strong></span> <span class='ocrx_word' id='word_1_185' title='bbox 1460 1905 1687 1948; x_wconf 90' lang='lat' dir='ltr'><strong>Iudicibus</strong></span> <span class='ocrx_word' id='word_1_186' title='bbox 1715 1911 1757 1947; x_wconf 91' lang='lat' dir='ltr'><strong>et</strong></span> <span class='ocrx_word' id='word_1_187' title='bbox 1787 1903 2010 1947; x_wconf 87' lang='lat' dir='ltr'><strong>officiariis</strong></span> <span class='ocrx_word' id='word_1_188' title='bbox 2042 1904 2237 1959; x_wconf 90' lang='lat' dir='ltr'><strong>supremi</strong></span> 
     </span>
     <span class='ocr_line' id='line_1_27' title="bbox 437 1972 2236 2032; baseline -0.003 -12"><span class='ocrx_word' id='word_1_189' title='bbox 437 1978 604 2021; x_wconf 89' lang='lat' dir='ltr'><strong>domini</strong></span> <span class='ocrx_word' id='word_1_190' title='bbox 629 1978 767 2020; x_wconf 87' lang='lat' dir='ltr'><strong>nostri</strong></span> <span class='ocrx_word' id='word_1_191' title='bbox 800 1977 916 2032; x_wconf 90' lang='lat' dir='ltr'><strong>regis</strong></span> <span class='ocrx_word' id='word_1_192' title='bbox 948 1992 1028 2020; x_wconf 89' lang='lat' dir='ltr'><strong>sua</strong></span> <span class='ocrx_word' id='word_1_193' title='bbox 1060 1977 1204 2019; x_wconf 85' lang='lat' dir='ltr'><strong>officia</strong></span> <span class='ocrx_word' id='word_1_194' title='bbox 1237 1974 1545 2018; x_wconf 83' lang='lat' dir='ltr'><strong>exercentibus</strong></span> <span class='ocrx_word' id='word_1_195' title='bbox 1578 1973 1770 2016; x_wconf 89' lang='lat' dir='ltr'><strong>Iuridice</strong></span> <span class='ocrx_word' id='word_1_196' title='bbox 1792 1972 2093 2016; x_wconf 87' lang='lat' dir='ltr'><strong>terminantur</strong></span> <span class='ocrx_word' id='word_1_197' title='bbox 2115 1972 2236 2015; x_wconf 89' lang='lat' dir='ltr'><strong>Hine</strong></span> 
     </span>
     <span class='ocr_line' id='line_1_28' title="bbox 438 2039 2236 2100; baseline -0.004 -11"><span class='ocrx_word' id='word_1_198' title='bbox 438 2053 505 2089; x_wconf 90' lang='lat' dir='ltr'><strong>est</strong></span> <span class='ocrx_word' id='word_1_199' title='bbox 528 2047 645 2100; x_wconf 91' lang='lat' dir='ltr'><strong>quod</strong></span> <span class='ocrx_word' id='word_1_200' title='bbox 677 2060 826 2088; x_wconf 90' lang='lat' dir='ltr'><strong>coram</strong></span> <span class='ocrx_word' id='word_1_201' title='bbox 860 2044 987 2087; x_wconf 91' lang='lat' dir='ltr'><strong>nobis</strong></span> <span class='ocrx_word' id='word_1_202' title='bbox 1019 2045 1063 2086; x_wconf 91' lang='lat' dir='ltr'><strong>in</strong></span> <span class='ocrx_word' id='word_1_203' title='bbox 1096 2044 1229 2099; x_wconf 90' lang='lat' dir='ltr'><strong>plena</strong></span> <span class='ocrx_word' id='word_1_204' title='bbox 1257 2050 1300 2086; x_wconf 91' lang='lat' dir='ltr'><strong>et</strong></span> <span class='ocrx_word' id='word_1_205' title='bbox 1330 2041 1511 2097; x_wconf 91' lang='lat' dir='ltr'><strong>capitali</strong></span> <span class='ocrx_word' id='word_1_206' title='bbox 1544 2041 1666 2084; x_wconf 93' lang='lat' dir='ltr'><strong>curia</strong></span> <span class='ocrx_word' id='word_1_207' title='bbox 1698 2046 1822 2084; x_wconf 90' lang='lat' dir='ltr'><strong>tenta</strong></span> <span class='ocrx_word' id='word_1_208' title='bbox 1847 2040 1892 2082; x_wconf 92' lang='lat' dir='ltr'><strong>in</strong></span> <span class='ocrx_word' id='word_1_209' title='bbox 1915 2040 2107 2095; x_wconf 91' lang='lat' dir='ltr'><strong>pretorio</strong></span> <span class='ocrx_word' id='word_1_210' title='bbox 2129 2039 2236 2082; x_wconf 90' lang='lat' dir='ltr'><strong>dicti</strong></span> 
     </span>
     <span class='ocr_line' id='line_1_29' title="bbox 439 2107 2238 2169; baseline -0.004 -12"><span class='ocrx_word' id='word_1_211' title='bbox 439 2115 565 2169; x_wconf 84' lang='lat' dir='ltr'><strong>burgi</strong></span> <span class='ocrx_word' id='word_1_212' title='bbox 588 2114 657 2157; x_wconf 90' lang='lat' dir='ltr'><strong>die</strong></span> <span class='ocrx_word' id='word_1_213' title='bbox 680 2114 783 2156; x_wconf 89' lang='lat' dir='ltr'><strong>lune</strong></span> <span class='ocrx_word' id='word_1_214' title='bbox 806 2113 960 2168; x_wconf 90' lang='lat' dir='ltr'><strong>quinto</strong></span> <span class='ocrx_word' id='word_1_215' title='bbox 983 2112 1052 2156; x_wconf 86' lang='lat' dir='ltr'><strong>die</strong></span> <span class='ocrx_word' id='word_1_216' title='bbox 1076 2112 1242 2155; x_wconf 89' lang='lat' dir='ltr'><strong>mensis</strong></span> <span class='ocrx_word' id='word_1_217' title='bbox 1274 2110 1468 2154; x_wconf 89' lang='lat' dir='ltr'><strong>octobris</strong></span> <span class='ocrx_word' id='word_1_218' title='bbox 1498 2124 1616 2153; x_wconf 91' lang='lat' dir='ltr'><strong>anno</strong></span> <span class='ocrx_word' id='word_1_219' title='bbox 1648 2109 1815 2152; x_wconf 90' lang='lat' dir='ltr'><strong>domini</strong></span> <span class='ocrx_word' id='word_1_220' title='bbox 1847 2108 2085 2151; x_wconf 90' lang='lat' dir='ltr'><strong>millesimo</strong></span> <span class='ocrx_word' id='word_1_221' title='bbox 2113 2107 2238 2163; x_wconf 93' lang='lat' dir='ltr'><strong>quin-</strong></span> 
     </span>
     <span class='ocr_line' id='line_1_30' title="bbox 439 2176 2239 2238; baseline -0.004 -13"><span class='ocrx_word' id='word_1_222' title='bbox 439 2182 688 2238; x_wconf 90' lang='lat' dir='ltr'><strong>gentesimo</strong></span> <span class='ocrx_word' id='word_1_223' title='bbox 710 2181 882 2224; x_wconf 90' lang='lat' dir='ltr'><strong>decimo</strong></span> <span class='ocrx_word' id='word_1_224' title='bbox 905 2181 1095 2236; x_wconf 89' lang='lat' dir='ltr'><strong>septimo</strong></span> <span class='ocrx_word' id='word_1_225' title='bbox 1117 2180 1318 2223; x_wconf 89' lang='lat' dir='ltr'><strong>Accessit</strong></span> <span class='ocrx_word' id='word_1_226' title='bbox 1350 2180 1527 2222; x_wconf 89' lang='lat' dir='ltr'><strong>barram</strong></span> <span class='ocrx_word' id='word_1_227' title='bbox 1549 2178 1768 2221; x_wconf 88' lang='lat' dir='ltr'><strong>discretus</strong></span> <span class='ocrx_word' id='word_1_228' title='bbox 1788 2176 1855 2219; x_wconf 92' lang='lat' dir='ltr'><strong>vir</strong></span> <span class='ocrx_word' id='word_1_229' title='bbox 1876 2176 2084 2219; x_wconf 89' lang='lat' dir='ltr'><strong>dominus</strong></span> <span class='ocrx_word' id='word_1_230' title='bbox 2105 2176 2239 2219; x_wconf 92' lang='lat' dir='ltr'><strong>dauid</strong></span> 
     </span>
     <span class='ocr_line' id='line_1_31' title="bbox 439 2244 2237 2304; baseline -0.004 -10"><span class='ocrx_word' id='word_1_231' title='bbox 439 2251 539 2294; x_wconf 90' lang='lat' dir='ltr'><strong>trell</strong></span> <span class='ocrx_word' id='word_1_232' title='bbox 577 2250 786 2293; x_wconf 91' lang='lat' dir='ltr'><strong>collector</strong></span> <span class='ocrx_word' id='word_1_233' title='bbox 822 2250 1155 2304; x_wconf 90' lang='lat' dir='ltr'><strong>capellanorum</strong></span> <span class='ocrx_word' id='word_1_234' title='bbox 1193 2247 1365 2303; x_wconf 89' lang='lat' dir='ltr'><strong>collegij</strong></span> <span class='ocrx_word' id='word_1_235' title='bbox 1405 2245 1595 2289; x_wconf 86' lang='lat' dir='ltr'><strong>ecclesia</strong></span> <span class='ocrx_word' id='word_1_236' title='bbox 1626 2244 1894 2301; x_wconf 88' lang='lat' dir='ltr'><strong>parochialis</strong></span> <span class='ocrx_word' id='word_1_237' title='bbox 1925 2244 2043 2286; x_wconf 92' lang='lat' dir='ltr'><strong>beati</strong></span> <span class='ocrx_word' id='word_1_238' title='bbox 2075 2244 2237 2300; x_wconf 89' lang='lat' dir='ltr'><strong>nicolaj</strong></span> 
     </span>
     <span class='ocr_line' id='line_1_32' title="bbox 441 2312 2240 2373; baseline -0.004 -12"><span class='ocrx_word' id='word_1_239' title='bbox 441 2319 547 2362; x_wconf 92' lang='lat' dir='ltr'><strong>dicti</strong></span> <span class='ocrx_word' id='word_1_240' title='bbox 570 2318 694 2373; x_wconf 87' lang='lat' dir='ltr'><strong>burgi</strong></span> <span class='ocrx_word' id='word_1_241' title='bbox 718 2319 779 2360; x_wconf 92' lang='lat' dir='ltr'><strong>Et</strong></span> <span class='ocrx_word' id='word_1_242' title='bbox 802 2318 933 2373; x_wconf 91' lang='lat' dir='ltr'><strong>peciit</strong></span> <span class='ocrx_word' id='word_1_243' title='bbox 957 2333 982 2360; x_wconf 95' lang='lat' dir='ltr'><strong>a</strong></span> <span class='ocrx_word' id='word_1_244' title='bbox 1005 2316 1231 2360; x_wconf 91' lang='lat' dir='ltr'><strong>communi</strong></span> <span class='ocrx_word' id='word_1_245' title='bbox 1249 2315 1408 2359; x_wconf 91' lang='lat' dir='ltr'><strong>clerico</strong></span> <span class='ocrx_word' id='word_1_246' title='bbox 1424 2321 1515 2359; x_wconf 92' lang='lat' dir='ltr'><strong>tres</strong></span> <span class='ocrx_word' id='word_1_247' title='bbox 1531 2328 1765 2369; x_wconf 88' lang='lat' dir='ltr'><strong>processus</strong></span> <span class='ocrx_word' id='word_1_248' title='bbox 1786 2327 1862 2368; x_wconf 90' lang='lat' dir='ltr'><strong>per</strong></span> <span class='ocrx_word' id='word_1_249' title='bbox 1878 2312 2024 2367; x_wconf 90' lang='lat' dir='ltr'><strong>ipsum</strong></span> <span class='ocrx_word' id='word_1_250' title='bbox 2042 2312 2240 2368; x_wconf 86' lang='lat' dir='ltr'><strong>legitime</strong></span> 
     </span>
     <span class='ocr_line' id='line_1_33' title="bbox 441 2381 2240 2440; baseline -0.005 -10"><span class='ocrx_word' id='word_1_251' title='bbox 441 2390 657 2431; x_wconf 90' lang='lat' dir='ltr'><strong>deductos</strong></span> <span class='ocrx_word' id='word_1_252' title='bbox 693 2387 737 2428; x_wconf 91' lang='lat' dir='ltr'><strong>in</strong></span> <span class='ocrx_word' id='word_1_253' title='bbox 769 2386 910 2429; x_wconf 91' lang='lat' dir='ltr'><strong>tribus</strong></span> <span class='ocrx_word' id='word_1_254' title='bbox 942 2385 1075 2428; x_wconf 90' lang='lat' dir='ltr'><strong>curiis</strong></span> <span class='ocrx_word' id='word_1_255' title='bbox 1107 2384 1375 2440; x_wconf 89' lang='lat' dir='ltr'><strong>capitalibus</strong></span> <span class='ocrx_word' id='word_1_256' title='bbox 1411 2381 1750 2438; x_wconf 90' lang='lat' dir='ltr'><strong>precedentibus</strong></span> <span class='ocrx_word' id='word_1_257' title='bbox 1785 2382 1838 2423; x_wconf 90' lang='lat' dir='ltr'><strong>de</strong></span> <span class='ocrx_word' id='word_1_258' title='bbox 1875 2386 1918 2422; x_wconf 87' lang='lat' dir='ltr'><strong>et</strong></span> <span class='ocrx_word' id='word_1_259' title='bbox 1950 2394 2082 2435; x_wconf 89' lang='lat' dir='ltr'><strong>super</strong></span> <span class='ocrx_word' id='word_1_260' title='bbox 2117 2394 2240 2423; x_wconf 89' lang='lat' dir='ltr'><strong>recu-</strong></span> 
     </span>
     <span class='ocr_line' id='line_1_34' title="bbox 442 2448 2242 2512; baseline -0.005 -14"><span class='ocrx_word' id='word_1_261' title='bbox 442 2455 675 2512; x_wconf 90' lang='lat' dir='ltr'><strong>peracione</strong></span> <span class='ocrx_word' id='word_1_262' title='bbox 702 2453 985 2509; x_wconf 88' lang='lat' dir='ltr'><strong>proprietatis</strong></span> <span class='ocrx_word' id='word_1_263' title='bbox 1011 2453 1209 2496; x_wconf 91' lang='lat' dir='ltr'><strong>eiusdem</strong></span> <span class='ocrx_word' id='word_1_264' title='bbox 1235 2459 1350 2495; x_wconf 90' lang='lat' dir='ltr'><strong>terre</strong></span> <span class='ocrx_word' id='word_1_265' title='bbox 1371 2457 1496 2494; x_wconf 91' lang='lat' dir='ltr'><strong>vaste</strong></span> <span class='ocrx_word' id='word_1_266' title='bbox 1529 2450 1752 2504; x_wconf 91' lang='lat' dir='ltr'><strong>quondam</strong></span> <span class='ocrx_word' id='word_1_267' title='bbox 1781 2448 1934 2490; x_wconf 89' lang='lat' dir='ltr'><strong>thome</strong></span> <span class='ocrx_word' id='word_1_268' title='bbox 1960 2462 2016 2503; x_wconf 90' lang='lat' dir='ltr'><strong>og</strong></span> <span class='ocrx_word' id='word_1_269' title='bbox 2045 2448 2242 2491; x_wconf 85' lang='lat' dir='ltr'><strong>Iacentis</strong></span> 
     </span>
     <span class='ocr_line' id='line_1_35' title="bbox 442 2517 2240 2575; baseline -0.004 -8"><span class='ocrx_word' id='word_1_270' title='bbox 442 2526 495 2567; x_wconf 92' lang='lat' dir='ltr'><strong>de</strong></span> <span class='ocrx_word' id='word_1_271' title='bbox 516 2523 629 2566; x_wconf 90' lang='lat' dir='ltr'><strong>facie</strong></span> <span class='ocrx_word' id='word_1_272' title='bbox 650 2522 815 2566; x_wconf 88' lang='lat' dir='ltr'><strong>boreali</strong></span> <span class='ocrx_word' id='word_1_273' title='bbox 837 2522 921 2564; x_wconf 89' lang='lat' dir='ltr'><strong>vici</strong></span> <span class='ocrx_word' id='word_1_274' title='bbox 944 2521 1078 2564; x_wconf 91' lang='lat' dir='ltr'><strong>castri</strong></span> <span class='ocrx_word' id='word_1_275' title='bbox 1101 2527 1255 2564; x_wconf 85' lang='lat' dir='ltr'><strong>contra</strong></span> <span class='ocrx_word' id='word_1_276' title='bbox 1277 2525 1451 2575; x_wconf 91' lang='lat' dir='ltr'><strong>portam</strong></span> <span class='ocrx_word' id='word_1_277' title='bbox 1473 2518 1671 2561; x_wconf 90' lang='lat' dir='ltr'><strong>eiusdem</strong></span> <span class='ocrx_word' id='word_1_278' title='bbox 1694 2517 1809 2559; x_wconf 90' lang='lat' dir='ltr'><strong>inter</strong></span> <span class='ocrx_word' id='word_1_279' title='bbox 1829 2522 1993 2559; x_wconf 90' lang='lat' dir='ltr'><strong>terram</strong></span> <span class='ocrx_word' id='word_1_280' title='bbox 2016 2517 2240 2571; x_wconf 88' lang='lat' dir='ltr'><strong>quondam</strong></span> 
     </span>
     <span class='ocr_line' id='line_1_36' title="bbox 449 2584 2242 2645; baseline -0.003 -11"><span class='ocrx_word' id='word_1_281' title='bbox 449 2591 661 2635; x_wconf 91' lang='lat' dir='ltr'><strong>[ohannis</strong></span> <span class='ocrx_word' id='word_1_282' title='bbox 691 2590 1008 2645; x_wconf 88' lang='lat' dir='ltr'><strong>wilraingsoun</strong></span> <span class='ocrx_word' id='word_1_283' title='bbox 1041 2605 1094 2632; x_wconf 86' lang='lat' dir='ltr'><strong>ex</strong></span> <span class='ocrx_word' id='word_1_284' title='bbox 1125 2588 1390 2632; x_wconf 90' lang='lat' dir='ltr'><strong>occidentali</strong></span> <span class='ocrx_word' id='word_1_285' title='bbox 1416 2602 1469 2630; x_wconf 86' lang='lat' dir='ltr'><strong>ex</strong></span> <span class='ocrx_word' id='word_1_286' title='bbox 1499 2601 1586 2629; x_wconf 92' lang='lat' dir='ltr'><strong>vna</strong></span> <span class='ocrx_word' id='word_1_287' title='bbox 1617 2592 1660 2628; x_wconf 91' lang='lat' dir='ltr'><strong>et</strong></span> <span class='ocrx_word' id='word_1_288' title='bbox 1692 2599 1954 2628; x_wconf 91' lang='lat' dir='ltr'><strong>communes</strong></span> <span class='ocrx_word' id='word_1_289' title='bbox 1974 2584 2071 2627; x_wconf 92' lang='lat' dir='ltr'><strong>vias</strong></span> <span class='ocrx_word' id='word_1_290' title='bbox 2096 2585 2242 2641; x_wconf 88' lang='lat' dir='ltr'><strong>regias</strong></span> 
     </span>
     <span class='ocr_line' id='line_1_37' title="bbox 446 2653 2242 2708; baseline -0.003 -6"><span class='ocrx_word' id='word_1_291' title='bbox 446 2675 597 2703; x_wconf 86' lang='lat' dir='ltr'><strong>versus</strong></span> <span class='ocrx_word' id='word_1_292' title='bbox 619 2658 764 2702; x_wconf 91' lang='lat' dir='ltr'><strong>oriens</strong></span> <span class='ocrx_word' id='word_1_293' title='bbox 786 2665 1054 2708; x_wconf 60' lang='lat' dir='ltr'><strong>et0austrum</strong></span> <span class='ocrx_word' id='word_1_294' title='bbox 1087 2658 1131 2700; x_wconf 91' lang='lat' dir='ltr'><strong>in</strong></span> <span class='ocrx_word' id='word_1_295' title='bbox 1165 2658 1339 2701; x_wconf 88' lang='lat' dir='ltr'><strong>defectu</strong></span> <span class='ocrx_word' id='word_1_296' title='bbox 1362 2654 1602 2699; x_wconf 88' lang='lat' dir='ltr'><strong>solucionis</strong></span> <span class='ocrx_word' id='word_1_297' title='bbox 1622 2653 1752 2697; x_wconf 89' lang='lat' dir='ltr'><strong>vnius</strong></span> <span class='ocrx_word' id='word_1_298' title='bbox 1775 2653 1911 2696; x_wconf 90' lang='lat' dir='ltr'><strong>annui</strong></span> <span class='ocrx_word' id='word_1_299' title='bbox 1933 2653 2132 2697; x_wconf 90' lang='lat' dir='ltr'><strong>redditus</strong></span> <span class='ocrx_word' id='word_1_300' title='bbox 2155 2655 2242 2697; x_wconf 87' lang='lat' dir='ltr'><strong>Sex</strong></span> 
     </span>
     <span class='ocr_line' id='line_1_38' title="bbox 446 2721 2242 2778; baseline -0.004 -8"><span class='ocrx_word' id='word_1_301' title='bbox 446 2729 687 2771; x_wconf 87' lang='lat' dir='ltr'><strong>solidorum</strong></span> <span class='ocrx_word' id='word_1_302' title='bbox 725 2733 767 2769; x_wconf 89' lang='lat' dir='ltr'><strong>et</strong></span> <span class='ocrx_word' id='word_1_303' title='bbox 805 2734 905 2769; x_wconf 93' lang='lat' dir='ltr'><strong>octo</strong></span> <span class='ocrx_word' id='word_1_304' title='bbox 941 2726 1222 2768; x_wconf 88' lang='lat' dir='ltr'><strong>denariorum</strong></span> <span class='ocrx_word' id='word_1_305' title='bbox 1254 2724 1422 2767; x_wconf 91' lang='lat' dir='ltr'><strong>vsualis</strong></span> <span class='ocrx_word' id='word_1_306' title='bbox 1452 2728 1630 2765; x_wconf 88' lang='lat' dir='ltr'><strong>monete</strong></span> <span class='ocrx_word' id='word_1_307' title='bbox 1663 2721 1800 2765; x_wconf 86' lang='lat' dir='ltr'><strong>scotie</strong></span> <span class='ocrx_word' id='word_1_308' title='bbox 1832 2721 1962 2764; x_wconf 89' lang='lat' dir='ltr'><strong>dictis</strong></span> <span class='ocrx_word' id='word_1_309' title='bbox 1999 2721 2242 2778; x_wconf 88' lang='lat' dir='ltr'><strong>capellanis</strong></span> 
     </span>
     <span class='ocr_line' id='line_1_39' title="bbox 447 2790 2243 2850; baseline -0.003 -12"><span class='ocrx_word' id='word_1_310' title='bbox 447 2796 643 2850; x_wconf 87' lang='lat' dir='ltr'><strong>legitime</strong></span> <span class='ocrx_word' id='word_1_311' title='bbox 665 2795 799 2837; x_wconf 91' lang='lat' dir='ltr'><strong>debiti</strong></span> <span class='ocrx_word' id='word_1_312' title='bbox 822 2801 865 2837; x_wconf 90' lang='lat' dir='ltr'><strong>et</strong></span> <span class='ocrx_word' id='word_1_313' title='bbox 889 2810 913 2837; x_wconf 92' lang='lat' dir='ltr'><strong>a</strong></span> <span class='ocrx_word' id='word_1_314' title='bbox 935 2795 1067 2849; x_wconf 89' lang='lat' dir='ltr'><strong>longo</strong></span> <span class='ocrx_word' id='word_1_315' title='bbox 1089 2801 1288 2849; x_wconf 92' lang='lat' dir='ltr'><strong>tempore</strong></span> <span class='ocrx_word' id='word_1_316' title='bbox 1320 2807 1408 2835; x_wconf 91' lang='lat' dir='ltr'><strong>non</strong></span> <span class='ocrx_word' id='word_1_317' title='bbox 1441 2791 1574 2834; x_wconf 92' lang='lat' dir='ltr'><strong>soluti</strong></span> <span class='ocrx_word' id='word_1_318' title='bbox 1607 2791 1778 2847; x_wconf 86' lang='lat' dir='ltr'><strong>Quibus</strong></span> <span class='ocrx_word' id='word_1_319' title='bbox 1799 2790 1942 2832; x_wconf 83' lang='lat' dir='ltr'><strong>tribus</strong></span> <span class='ocrx_word' id='word_1_320' title='bbox 1962 2790 2243 2845; x_wconf 89' lang='lat' dir='ltr'><strong>processibus</strong></span> 
     </span>
     <span class='ocr_line' id='line_1_40' title="bbox 448 2858 2241 2920; baseline -0.003 -14"><span class='ocrx_word' id='word_1_321' title='bbox 448 2863 654 2920; x_wconf 86' lang='lat' dir='ltr'><strong>perlectis</strong></span> <span class='ocrx_word' id='word_1_322' title='bbox 685 2870 728 2905; x_wconf 90' lang='lat' dir='ltr'><strong>et</strong></span> <span class='ocrx_word' id='word_1_323' title='bbox 760 2863 957 2917; x_wconf 90' lang='lat' dir='ltr'><strong>legitime</strong></span> <span class='ocrx_word' id='word_1_324' title='bbox 989 2862 1187 2917; x_wconf 91' lang='lat' dir='ltr'><strong>probatis</strong></span> <span class='ocrx_word' id='word_1_325' title='bbox 1208 2861 1405 2916; x_wconf 85' lang='lat' dir='ltr'><strong>prefatus</strong></span> <span class='ocrx_word' id='word_1_326' title='bbox 1427 2859 1634 2902; x_wconf 88' lang='lat' dir='ltr'><strong>dominus</strong></span> <span class='ocrx_word' id='word_1_327' title='bbox 1665 2859 1799 2901; x_wconf 91' lang='lat' dir='ltr'><strong>dauid</strong></span> <span class='ocrx_word' id='word_1_328' title='bbox 1821 2858 2001 2902; x_wconf 90' lang='lat' dir='ltr'><strong>nomine</strong></span> <span class='ocrx_word' id='word_1_329' title='bbox 2022 2858 2241 2902; x_wconf 87' lang='lat' dir='ltr'><strong>dictorum</strong></span> 
     </span>
     <span class='ocr_line' id='line_1_41' title="bbox 449 2926 2243 2989; baseline -0.004 -14"><span class='ocrx_word' id='word_1_330' title='bbox 449 2933 780 2989; x_wconf 88' lang='lat' dir='ltr'><strong>capellanorum</strong></span> <span class='ocrx_word' id='word_1_331' title='bbox 814 2931 946 2986; x_wconf 89' lang='lat' dir='ltr'><strong>peciit</strong></span> <span class='ocrx_word' id='word_1_332' title='bbox 979 2945 1005 2973; x_wconf 92' lang='lat' dir='ltr'><strong>a</strong></span> <span class='ocrx_word' id='word_1_333' title='bbox 1035 2930 1163 2974; x_wconf 89' lang='lat' dir='ltr'><strong>nobis</strong></span> <span class='ocrx_word' id='word_1_334' title='bbox 1197 2930 1312 2973; x_wconf 90' lang='lat' dir='ltr'><strong>Iuris</strong></span> <span class='ocrx_word' id='word_1_335' title='bbox 1344 2935 1387 2971; x_wconf 92' lang='lat' dir='ltr'><strong>et</strong></span> <span class='ocrx_word' id='word_1_336' title='bbox 1420 2927 1603 2972; x_wconf 89' lang='lat' dir='ltr'><strong>Iusticie</strong></span> <span class='ocrx_word' id='word_1_337' title='bbox 1634 2927 2013 2984; x_wconf 89' lang='lat' dir='ltr'><strong>complementum</strong></span> <span class='ocrx_word' id='word_1_338' title='bbox 2045 2926 2127 2971; x_wconf 88' lang='lat' dir='ltr'><strong>sibi</strong></span> <span class='ocrx_word' id='word_1_339' title='bbox 2149 2926 2243 2970; x_wconf 91' lang='lat' dir='ltr'><strong>fieri</strong></span> 
     </span>
    </p>
   </div>
  </div>
 </body>
</html>
