2524 3418
541 332 594 384 36
1043 325 1204 368 Altam
1238 324 1389 367 Sancte
1420 323 1564 367 Crucis
1596 324 1831 379 Apparatus

1391 464 1498 504 XII.

247 581 420 614 Fundacio
660 560 1034 613 gleHANNES
1067 558 1318 601 STOKER
1348 557 1580 611 burgensis
1614 557 1738 611 burgi
1776 559 1829 600 de
1862 556 2082 600 Abirdene
2118 557 2342 612 quondam

245 625 447 699 &lligigmm
542 634 653 675 bone
677 630 886 673 memorie
905 629 947 670 in
966 629 1138 670 feodam
1163 627 1381 681 capellani
1405 626 1605 681 perpetui
1628 626 1782 669 altaris
1804 634 2060 669 sanctorum
2084 626 2276 682 Crispini
2299 633 2342 669 et

246 711 390 759 Crispini
409 717 449 759 et·
542 701 810 756 Crispiniani
849 700 890 741 in
928 713 1013 740 vno
1051 712 1200 740 annuo
1244 697 1437 739 Redditu
1475 697 1639 751 vigenti
1678 697 1919 740 solidorum
1958 697 2125 740 vsualis
2167 704 2345 740 monete

246 755 450 796 eris-pinnam
543 771 679 814 scotie
706 771 892 812 levando
922 770 974 810 de
1004 767 1126 810 tostis
1155 775 1196 809 et
1227 767 1378 809 croftis
1402 766 1656 821 jacentibus
1679 766 1722 808 in
1747 767 1785 809 le
1809 767 2062 822 nevburghe
2092 781 2169 821 pro
2199 767 2342 809 salute

543 841 689 883 anime
718 854 795 882 sue
824 838 1073 881 animarum
1107 844 1341 892 parentum
1375 836 1705 880 benefactorum
1735 851 1787 879 ac
1816 836 2015 880 omnium
2048 835 2244 879 fidelium
2273 837 2344 879 de-

542 911 793 953 functorum
817 910 880 952 &c

658 981 845 1022 Summa
867 976 1021 1021 altaris
1043 983 1299 1020 sanctorum
1324 975 1503 1031 crispini
1526 974 1568 1018 et
1592 975 1849 1031 crispiniani
1867 991 1922 1019 xx
1945 991 1965 1019 s
1982 991 2083 1020 cum
2102 975 2348 1019 elimosinis

742 1055 785 1090 et
809 1062 925 1090 nunc
948 1054 1147 1101 tempore
1174 1045 1376 1101 magistri
1398 1045 1615 1089 Willelmi
1645 1046 1880 1101 philpsone
1902 1053 2084 1089 auctum
2107 1052 2173 1089 est
2197 1045 2346 1089 huius-

743 1117 861 1161 modi
884 1117 1053 1160 rentale
1076 1131 1176 1160 cum
1200 1117 1241 1159 xl
1266 1132 1286 1159 s
1308 1131 1363 1158 xx
1385 1117 1411 1159 d
1435 1131 1611 1160 summa
1633 1116 1786 1159 totalis
1809 1116 1853 1158 iii
1876 1116 1905 1158 li
1927 1132 1983 1159 xx
2005 1118 2031 1160 d

1389 1327 1523 1369 XIII.

249 1444 303 1476 sol.
327 1442 386 1476 18¹
1296 1420 1473 1463 Thomas
1498 1425 1596 1476 prat

648 1515 972 1559 REDICTUS
1003 1515 1206 1558 Thomas
1237 1521 1334 1570 prat
1369 1514 1602 1570 burgensis
1634 1513 1766 1557 huius
1798 1514 1923 1570 burgi
1956 1514 2000 1557 in
2033 1515 2246 1558 honorem
2283 1516 2352 1559 dei

703 1584 1024 1640 omnipotentis
1065 1584 1323 1628 beatissime
1359 1583 1543 1639 virginis
1585 1583 1722 1626 marie
1760 1583 1877 1627 beati
1916 1583 2139 1640 Nicholaij
2179 1584 2353 1640 patroni

547 1656 745 1699 eiusdem
785 1657 843 1698 Et
883 1657 1104 1698 Notanter
1134 1655 1287 1697 thome
1317 1654 1507 1709 apostoli
1540 1661 1582 1697 et
1617 1653 1796 1709 Georgii
1829 1653 2037 1709 martyris
2069 1668 2120 1696 ac
2153 1653 2352 1696 omnium

548 1733 804 1769 sanctorum
837 1739 914 1780 pro
942 1725 1085 1768 salute
1115 1724 1262 1767 anime
1289 1739 1366 1766 sue
1393 1724 1643 1767 animarum
1676 1731 1910 1779 parentum
1943 1724 2274 1768 benefactorum
2302 1739 2354 1767 ac

547 1795 747 1838 omnium
782 1794 978 1838 fidelium
1022 1794 1330 1837 defunctorum
1363 1794 1566 1837 fundauit
1604 1809 1655 1837 ac
1690 1794 1936 1837 construxit
1974 1794 2066 1837 suis
2102 1794 2355 1850 sumptibus

549 1863 790 1920 compleuit
820 1864 959 1906 altare
988 1863 1207 1906 dictorum
1238 1870 1495 1906 sanctorum
1524 1863 1678 1906 thome
1704 1870 1747 1906 et
1773 1862 1949 1919 georgei
1978 1863 2091 1906 infra
2119 1863 2355 1907 ecclesiam

550 1934 850 1991 parochialem
874 1933 991 1976 beati
1015 1933 1224 1988 nicholaij
1254 1933 1481 1976 Situatum
1505 1940 1547 1976 et
1570 1933 1713 1976 eidem
1737 1947 1910 1976 annuos
1934 1933 2153 1976 Redditus
2171 1933 2215 1975 in
2234 1939 2357 1976 carta

550 2003 803 2061 precedenti
833 2010 1068 2046 contentos
1091 2004 1210 2046 dedit
1240 2011 1282 2046 et
1313 2003 1562 2058 assignauit
1597 2006 1785 2059 Insuper
1816 2004 2013 2059 prefatus
2035 2004 2237 2047 Thomas
2260 2005 2356 2047 zelo

550 2076 702 2119 diuino
727 2074 975 2117 Instinctus
1004 2074 1258 2117 huiusmodi
1286 2075 1416 2117 altari
1438 2089 1574 2117 vnum
1599 2075 1783 2117 calicem
1808 2081 2066 2129 argenteum
2094 2075 2356 2117 deauratum

551 2147 637 2188 duo
687 2144 956 2187 vestimenta
1007 2158 1085 2199 pro
1137 2145 1366 2186 sacerdote
1412 2145 1687 2187 celebraturo
1734 2144 1956 2198 completa
1996 2158 2132 2186 vnum
2177 2143 2359 2186 missale

552 2222 741 2270 quatuor
769 2214 922 2256 tuillas
951 2212 1046 2256 siue
1079 2213 1395 2256 linthiamenta
1424 2214 1553 2257 altari
1584 2220 1690 2269 apta
1718 2228 1854 2256 vnum
1883 2212 2067 2268 pallium
2090 2212 2295 2256 videlicet
2319 2214 2359 2256 le

551 2285 760 2327 forclatht
795 2285 841 2327 of
871 2299 1017 2327 arrass
1049 2284 1191 2327 Wark
1223 2286 1276 2326 de
1310 2285 1477 2327 Sancto
1512 2284 1692 2339 georgio
1724 2285 1835 2326 duas
1866 2282 2041 2338 phiolas
2072 2284 2158 2326 duo
2196 2298 2360 2338 magna

553 2355 817 2398 candelebra
839 2369 971 2410 super
992 2354 1131 2398 altare
1153 2353 1357 2398 vndecim
1388 2354 1654 2398 candelabra
1683 2353 1855 2397 minora
1887 2368 2019 2409 super
2049 2353 2358 2397 ceroferarium

553 2422 753 2467 exhibuit

1391 2568 1517 2610 XIV.

261 2681 374 2712 Altare
394 2681 517 2711 Sancte
668 2661 799 2703 NNO
832 2659 998 2702 domini
1029 2659 1248 2702 milesimo
1281 2658 1719 2715 quadringentesimo
1751 2657 2040 2713 nonagesimo
2069 2663 2230 2701 octauo
2257 2658 2360 2701 xviii

261 2724 379 2756 Crucis
727 2729 796 2772 die
831 2728 1105 2783 Septembris
1138 2736 1338 2783 tempore
1375 2727 1541 2770 domini
1586 2726 1774 2769 Iohanni
1812 2733 1909 2781 prat
1947 2726 2166 2781 capellani
2207 2726 2361 2769 altaris

560 2805 714 2841 sancte
746 2798 889 2841 crucis
921 2797 1111 2840 existent
1141 2800 1195 2840 ad
1227 2799 1351 2840 Idem
1384 2798 1524 2841 altare
1554 2811 1668 2839 vnus
1700 2796 1813 2839 calix
1845 2803 2083 2851 argenteus
2114 2797 2201 2838 duo
2231 2796 2363 2838 vesti-

559 2876 709 2911 menta
742 2883 819 2924 pro
842 2869 1071 2910 sacerdote
1095 2868 1317 2923 completa
1339 2881 1474 2910 vnum
1499 2866 1726 2921 corporale
1748 2872 1790 2908 et
1813 2872 1904 2908 tres
1934 2865 2060 2907 tuille
2092 2879 2193 2908 curn
2221 2865 2363 2909 tribus

556 2939 856 2981 voluminibus
878 2938 974 2982 libri
999 2937 1192 2981 missalis
1215 2953 1266 2982 ac
1289 2940 1461 2982 duobus
1484 2937 1763 2980 candelabris
1785 2936 1985 2980 stanneis
