2524 3418
172 2215 226 2246 sol.
251 2217 290 2245 55
305 2214 317 2232 ²

171 2301 286 2332 Tertio
305 2301 387 2342 Maij

175 2346 253 2384 1603
272 2344 412 2385 produc-

171 2387 287 2418 tumin
297 2388 434 2419 modum

171 2431 403 2462 instructionis

244 2474 434 2506 mollesoun

326 2518 436 2550 scriba

474 302 555 356 136
1018 302 1148 344 Carta
1179 301 1338 343 domini
1367 301 1567 344 Iohannis
1599 316 1729 345 wauss

470 416 676 459 tinenciis
713 416 1048 472 quibuscunque
1080 416 1134 457 ad
1167 414 1335 457 dictum
1368 429 1566 458 annuum
1599 416 1819 459 redditum
1853 417 2158 472 spectantibus
2190 432 2268 462 seu

471 487 593 528 Iuste
617 492 816 540 spectare
838 483 1091 527 valentibus
1123 482 1453 537 quomodolibet
1486 483 1530 526 in
1552 484 1748 529 futurum
1773 486 1883 528 adeo
1914 486 2049 529 libere
2070 487 2268 542 plenarie

469 555 636 610 integre
663 554 902 597 honorifice
929 556 1038 596 bene
1061 559 1103 595 et
1127 552 1170 595 in
1193 567 1302 608 pace
1325 552 1368 595 in
1392 553 1598 597 omnibus
1619 561 1662 597 et
1689 569 1766 610 per
1791 555 1940 599 omnia
1967 556 2080 599 sicut
2107 557 2268 612 aliquis

467 639 642 667 annuus
668 624 865 666 redditus
887 622 999 665 infra
1021 636 1205 677 regnum
1229 622 1373 665 scocie
1396 623 1439 665 in
1462 638 1618 679 puram
1641 624 1931 668 elemosinam
1955 627 2087 668 datur
2112 640 2266 669 conce-

467 694 586 736 ditur
622 700 698 736 aut
736 692 986 748 possidetur
1004 691 1097 734 sine
1129 692 1418 735 reuocacione
1450 693 1773 737 reclamacione
1804 701 1881 738 aut
1919 695 2269 739 contradictione

467 763 648 818 aliquali
676 762 761 804 mei
790 762 1001 804 heredum
1036 775 1235 804 meorum
1269 768 1345 804 aut
1378 761 1708 817 assignatorum
1739 777 1816 806 seu
1845 763 2032 807 aliorum
2062 779 2267 820 quorum-

467 848 640 888 cunque
665 832 844 875 nomine
873 838 1025 874 nostro
1047 838 1124 874 aut
1147 846 1199 874 ex
1221 838 1345 887 parte
1371 838 1525 875 nostra
1549 834 1839 876 Reseruando
1860 848 1938 889 per
1959 833 2110 877 omnia
2131 833 2268 876 michi

466 902 548 958 ipsi
582 902 748 945 dictum
777 916 975 944 annuum
1004 901 1225 944 redditum
1249 907 1442 957 prototo
1470 908 1670 958 ternpore
1697 903 1787 946 vite
1815 918 1912 946 mee
1944 904 2178 947 dumtaxat
2208 905 2268 947 Et

466 987 547 1027 ego
569 987 672 1014 vero
698 972 844 1015 dictus
870 971 1077 1014 dominus
1099 972 1330 1015 Walterus
1351 972 1498 1028 obligo
1521 987 1591 1016 me
1614 979 1656 1016 et
1683 973 1867 1016 heredes
1889 988 2012 1016 meos
2034 974 2090 1018 ad
2110 987 2268 1017 varan-

465 1041 692 1083 tizandum
736 1040 1081 1095 acquietandum
1118 1047 1161 1083 et
1197 1041 1522 1084 defendendum
1574 1041 1743 1085 dictum
1795 1057 1995 1086 annuum
2045 1043 2267 1086 redditum

467 1113 618 1153 decem
654 1110 895 1153 solidorum
930 1110 1061 1153 dictis
1094 1110 1339 1165 capellanis
1373 1117 1415 1153 et
1450 1111 1542 1154 suis
1576 1105 1906 1155 successoribus
1942 1112 2187 1167 capellanis
2222 1111 2268 1155 in

466 1180 673 1223 omnibus
705 1186 748 1222 et
782 1195 860 1235 per
892 1179 1043 1222 omnia
1077 1186 1124 1222 ut
1158 1180 1426 1235 premissum
1461 1187 1528 1223 est
1563 1187 1718 1224 contra
1754 1196 1910 1224 omnes
1946 1181 2159 1225 mortales
2177 1195 2269 1237 -per

466 1264 622 1292 omnes
647 1256 788 1292 terras
810 1256 852 1292 et
876 1249 1182 1304 possessiones
1208 1264 1332 1292 meas
1358 1250 1536 1293 habitas
1558 1257 1601 1293 et
1627 1250 1857 1294 habendas
1883 1251 2089 1294 omnibus
2113 1251 2268 1294 fraude

465 1326 508 1361 et
541 1319 642 1361 dolo
674 1318 858 1361 semotis
891 1319 1227 1374 Imperpetuum
1262 1320 1314 1361 In
1347 1319 1472 1362 cuius
1503 1319 1811 1363 testimonium
1843 1319 1905 1363 rei
1941 1319 2044 1363 huic
2073 1319 2268 1375 presenti

465 1395 586 1430 carte
615 1403 712 1430 mee
741 1388 947 1443 Sigillum
975 1402 1123 1430 meum
1151 1394 1217 1430 est
1244 1402 1490 1443 appensum
1522 1390 1639 1444 apud
1667 1389 1888 1432 Abirdene
1915 1389 2086 1432 decimo
2113 1389 2268 1444 quinto

465 1458 535 1500 die
573 1457 740 1500 mensis
779 1457 882 1512 maij
918 1472 1036 1500 anno
1073 1457 1239 1516 dominj
1280 1458 1519 1502 millesimo
1557 1458 1915 1515 quingentesimo
1951 1459 2164 1503 vicesimo
2202 1473 2267 1503 se-

465 1530 611 1572 cundo
633 1528 912 1584 presentibus
934 1527 1268 1571 honorabilibus
1289 1527 1395 1570 viris

668 1645 738 1686 Ita
760 1650 827 1685 est
849 1643 1051 1686 Thomas
1073 1643 1296 1685 chawmer
1318 1650 1499 1686 curatus
1520 1645 1573 1687 de
1595 1645 1824 1688 Aberdene
1846 1659 1982 1687 manu
2004 1644 2180 1699 propria

665 1713 873 1756 dominus
894 1714 1094 1755 Andreas
1116 1712 1219 1767 culp
1241 1726 1378 1755 manu
1399 1713 1578 1768 propria

665 1781 873 1824 dominus
895 1781 1155 1824 Willelmus
1177 1796 1351 1836 cowper
1371 1783 1427 1824 ad
1449 1782 1531 1824 hec
1555 1796 1690 1824 manu
1712 1782 1889 1837 propria

666 1849 874 1892 dominus
894 1849 1154 1893 Willelmus
1175 1849 1373 1905 phileppi
1396 1851 1452 1893 ad
1474 1851 1555 1893 hec
1579 1865 1714 1893 manu
1737 1850 1913 1906 propria

665 1920 924 1964 Willelmus
945 1919 1201 1975 philipsoun
1223 1919 1440 1975 presbiter
1460 1921 1516 1963 ad
1538 1920 1620 1963 hec
1643 1934 1779 1964 manu
1801 1920 1978 1976 propria
2000 1921 2062 1964 ita
2084 1927 2151 1963 est

1257 2116 1471 2158 LXXIV.

593 2208 841 2250 MNIBUS
877 2207 993 2250 hanc
1030 2214 1200 2250 cartam
1234 2207 1394 2250 visuris
1427 2207 1495 2250 vel
1529 2207 1746 2250 audituris
1782 2206 2004 2249 Dominus
2042 2207 2268 2250 Iohannes

647 2293 796 2321 wauss
823 2277 1040 2332 presbiter
1067 2284 1324 2320 sanctorum
1355 2277 1506 2321 Iacobi
1537 2277 1716 2333 martinj
1750 2284 1793 2320 et
1826 2277 2026 2320 katerine
2057 2277 2266 2321 altarium

465 2349 509 2390 in
553 2348 722 2403 templo
772 2347 1015 2403 parochiali
1056 2347 1146 2402 diuj
1201 2347 1426 2402 Nicholaij
1470 2347 1596 2402 burgi
1637 2348 1691 2390 de
1731 2346 1952 2389 Abirdene
1997 2346 2266 2390 situatorum

466 2418 736 2473 Capellanus
767 2423 1007 2472 perpetuus
1039 2417 1230 2459 salutem
1253 2416 1298 2458 in
1321 2416 1501 2460 domino
1523 2415 1841 2471 sempiternam
1865 2415 2088 2472 Quoniam
2111 2430 2266 2459 secun-

465 2489 570 2530 dum
612 2486 895 2542 appostolum
937 2485 1167 2528 ciuitatem
1209 2500 1299 2528 non
1339 2486 1557 2529 habemus
1589 2485 1662 2528 hic
1703 2490 2039 2540 permanentem
2081 2491 2124 2528 et
2161 2484 2267 2529 alibi

465 2557 551 2613 Qui
584 2556 775 2598 seminat
807 2555 851 2597 in
885 2555 1267 2598 benedictionibus
1289 2557 1342 2598 de
1374 2554 1756 2599 benedictionibus
1778 2560 1821 2596 et
1847 2560 1985 2597 metet
2009 2553 2173 2597 Sciatis
2194 2568 2266 2597 me

466 2628 520 2668 ad
541 2625 691 2679 ‚diuini
724 2625 856 2667 cultis
888 2632 1179 2680 augmentum
1212 2625 1256 2667 in
1289 2625 1359 2668 dei
1391 2624 1711 2680 omnipotentis
1746 2624 1914 2667 honore
1946 2623 2266 2679 gloriosissime

465 2695 533 2738 dei
569 2693 808 2749 genetricis
842 2708 1016 2748 semper
1050 2694 1282 2737 benedicte
1318 2694 1407 2750 diuj
1447 2693 1625 2749 martinj
1664 2700 1707 2736 et
1743 2693 1888 2736 tocius
1929 2693 2106 2736 celestis
2146 2692 2267 2736 curie

467 2765 656 2806 Dedisse
698 2763 972 2806 concessisse
1014 2770 1056 2806 et
1100 2764 1184 2806 hac
1227 2770 1432 2819 presente
1476 2769 1598 2806 carta
1637 2777 1736 2806 mea
1774 2764 2063 2806 confirmasse
2099 2763 2266 2806 vicario

465 2842 617 2877 curato
654 2841 696 2876 et
734 2833 978 2888 capellanis
1014 2834 1222 2876 fratribus
1264 2834 1385 2876 chori
1428 2848 1504 2876 seu
1542 2833 1714 2888 collegij
1754 2833 1843 2888 diuj
1887 2833 2064 2888 nicolaij
2107 2833 2265 2888 prefati

464 2903 588 2958 burgi
611 2909 653 2944 et
672 2902 764 2944 suis
786 2902 1117 2945 successoribus
1138 2902 1435 2946 residentibus
1457 2909 1499 2945 et
1522 2902 1674 2946 diuina
1696 2901 2024 2946 celebrantibus
2045 2901 2264 2944 dumtaxit
