2524 3418
230 976 286 1007 sol.
305 974 369 1009 97²

521 320 603 361 244
934 307 974 348 F
976 307 1150 349 undacio
1182 305 1373 361 magist-ri
1402 303 1601 347 Iohannis
1632 304 1909 361 Baidenaugh

523 437 722 464 meorum
757 437 809 464 ac
846 422 1095 464 animarum
1128 421 1327 463 omnium
1365 434 1654 475 personarum
1687 427 2020 474 prenotatarum
2058 421 2113 463 ad
2150 420 2320 462 dictum

523 493 661 534 altare
693 492 809 534 beati
845 491 1058 532 Iohannis
1091 490 1283 544 baptiste
1314 504 1450 531 vnum
1483 489 1836 532 anniuersarium
1869 489 2073 531 videlicet
2112 488 2321 543 exequias

523 561 829 603 defunctorum
867 575 967 602 cum
1006 561 1189 614 placebo
1221 567 1263 601 et
1296 559 1433 613 dirige
1466 559 1510 600 in
1542 560 1728 601 sabbato
1765 559 1902 613 pridie
1935 565 2038 600 ante
2074 558 2320 613 proximam

523 629 791 670 dominicam
844 628 1100 669 immediate
1152 629 1462 681 precedentem
1525 627 1885 681 solempnitatem
1937 634 1979 669 et
2029 627 2320 670 festiuitatem

524 698 722 739 omnium
767 705 1021 739 sanctorum
1060 704 1102 738 et
1139 696 1310 738 cantari
1351 696 1515 738 facient
1558 696 1601 737 in
1644 696 1740 750 ipsa
1782 696 2004 738 dominica
2046 696 2231 738 missam
2269 697 2322 738 de

528 766 742 820 Requiem
762 765 853 819 [sic]
872 773 1071 807 eternam
1095 780 1196 807 cum
1220 773 1326 807 nota
1349 780 1449 807 curn
1470 765 1618 807 missis
1640 765 1828 819 priuatis
1846 780 1923 820 per
1939 766 2194 820 capellanos
2216 765 2322 808 dicti

525 836 645 877 chori
679 850 755 889 per
787 836 1067 877 ebdomidam
1101 843 1361 889 sequentem
1398 836 1586 889 Insuper
1618 835 1828 877 collector
1860 836 2078 877 dictorum
2102 835 2322 890 capellan-

523 918 649 945 orum
672 905 744 958 quj
770 919 849 958 pro
881 912 1078 958 tempore
1110 904 1238 945 fuerit
1271 904 1402 945 faciet
1434 904 1574 958 preire
1606 911 1648 945 et
1682 904 1913 946 circumire
1943 905 2111 946 dictum
2134 906 2322 958 burgum

523 988 600 1028 per
635 988 869 1028 preconem
907 974 1033 1028 burgj
1069 988 1169 1015 cum
1208 988 1428 1028 campana
1465 974 1662 1016 manuali
1696 975 1751 1016 ad
1784 974 2127 1028 significandum
2161 973 2323 1028 populo

523 1044 690 1085 dictum
723 1044 1076 1086 anniuersarium
1114 1043 1158 1085 in
1196 1044 1391 1085 crastino
1426 1043 1518 1085 fore
1550 1044 1864 1085 celebrandum
1902 1045 1965 1085 Ac
1997 1044 2196 1086 tabulam
2229 1043 2323 1085 siue

523 1112 659 1153 sedile
682 1127 813 1166 super
835 1112 1160 1154 monimentum
1184 1112 1347 1154 locabit
1381 1112 1555 1154 decenti
1588 1119 1748 1154 ornatu
1781 1119 2038 1167 coopertum
2062 1127 2163 1154 cum
2185 1111 2325 1154 cereis

523 1188 565 1222 et
608 1182 766 1223 ceteris
808 1181 1101 1223 luminaribus
1142 1181 1256 1223 sicut
1299 1181 1343 1222 in
1385 1181 1605 1223 similibus
1646 1181 1962 1224 anniuersariis
2003 1181 2095 1223 fieri
2133 1181 2244 1223 solet
2281 1187 2323 1223 et

524 1251 755 1292 consueuit
773 1252 831 1292 Et
851 1251 1086 1293 sacristam
1101 1257 1147 1293 vt
1166 1258 1233 1293 est
1252 1251 1387 1293 moris
1404 1258 1508 1293 ante
1526 1251 1863 1293 inchoacionem
1883 1251 2017 1294 misse
2032 1253 2085 1294 de
2105 1251 2322 1306 Requiem

523 1328 722 1362 eternam
742 1322 962 1363 cantande
980 1322 1158 1376 pulsare
1172 1321 1303 1373 faciet
1321 1328 1366 1363 vt
1385 1321 1695 1363 christifideles
1713 1336 1764 1364 ex
1782 1336 2103 1376 campanarum
2122 1321 2323 1376 pulsibus

523 1405 574 1432 eo
607 1391 822 1432 libencius
854 1391 1123 1433 conueniant
1160 1406 1238 1445 pro
1276 1391 1420 1433 salute
1455 1391 1602 1433 anime
1637 1406 1733 1433 mee
1765 1398 1808 1433 et
1841 1391 2090 1434 animarum
2123 1391 2322 1433 omnium

523 1459 720 1501 fidelium
743 1460 1050 1502 defunctorum
1078 1461 1243 1502 oraturi
1275 1467 1451 1502 tantum
1484 1475 1562 1515 pro
1594 1461 1715 1502 omni
1747 1461 1834 1503 alio
1866 1475 1996 1503 onere
2028 1467 2104 1503 aut
2137 1460 2324 1503 seruicio

523 1530 639 1582 quod
662 1543 739 1583 pro
761 1529 879 1571 dicto
901 1543 1049 1571 annuo
1072 1529 1247 1571 redditu
1270 1529 1383 1584 exigi
1407 1529 1568 1584 poterit
1592 1536 1669 1571 aut
1691 1529 1852 1584 requiri
1881 1531 2086 1572 Preterea
2112 1529 2326 1572 noueritis

523 1612 594 1639 me
616 1612 693 1652 pro
726 1599 869 1640 salute
892 1599 1039 1641 anime
1063 1613 1159 1641 mee
1191 1599 1331 1653 patris
1363 1614 1414 1641 ac
1448 1599 1604 1641 matris
1637 1613 1836 1641 meorum
1859 1599 2052 1641 duncani
2085 1599 2259 1641 lowdon
2281 1605 2324 1641 et

523 1667 774 1710 animarum
811 1669 1013 1711 omniurn
1050 1669 1247 1711 fidelium
1286 1670 1596 1711 defunctorum
1634 1669 1808 1711 dedisse
1850 1669 2124 1712 concessisse
2161 1676 2204 1711 et
2241 1669 2325 1712 hac

524 1738 718 1792 presenti
752 1746 876 1781 carta
913 1753 1013 1781 mea
1054 1739 1098 1780 in
1141 1754 1299 1793 puram
1337 1746 1379 1781 et
1416 1746 1677 1794 perpetuam
1715 1739 1995 1782 elimosinam
2038 1739 2326 1781 confirmasse

524 1807 655 1849 dictis
678 1815 830 1850 curato
853 1815 896 1850 et
919 1808 1162 1863 capellanis
1185 1808 1308 1851 illam
1331 1815 1494 1851 terram
1518 1823 1664 1851 meam
1690 1810 1918 1851 Iacentem
1947 1808 1992 1850 in
2014 1808 2111 1851 vico
2132 1807 2326 1850 inferiori

524 1877 631 1919 dicti
654 1878 780 1932 burgi
802 1878 918 1920 inter
938 1885 1102 1921 terram
1128 1879 1343 1921 Iohannis
1365 1879 1610 1921 matelland
1644 1879 1851 1934 contigue
1883 1893 1935 1921 ex
1966 1885 2091 1934 parte
2123 1877 2325 1921 orientali

524 1955 566 1989 et
608 1954 849 1990 torrentem
901 1949 1223 1991 discurrentem
1265 1964 1318 1991 ex
1358 1949 1625 1991 occidentali
1667 1956 1791 2003 parte
1836 1956 2090 2004 terramque
2143 1947 2326 1991 Roberti

524 2017 739 2072 kennerty
761 2032 813 2059 ex
835 2025 960 2072 parte
991 2018 1176 2060 australi
1199 2025 1241 2060 et
1265 2033 1550 2061 communem
1571 2018 1689 2060 viam
1723 2018 1890 2072 regiam
1924 2033 2011 2072 qua
2042 2017 2326 2060 descenditur

524 2088 579 2128 ad
602 2087 770 2128 dictum
793 2094 1034 2129 torrentem
1057 2103 1212 2130 versus
1245 2095 1416 2142 partem
1449 2088 1671 2130 borealem
1704 2086 1966 2129 Tenendam
1998 2093 2041 2128 et
2073 2087 2324 2129 habendam

524 2157 689 2199 dictam
712 2165 876 2200 terram
899 2173 1000 2200 cum
1025 2158 1116 2200 suis
1138 2158 1424 2213 pertinenciis
1446 2165 1490 2199 et
1518 2157 1695 2200 Iuribus
1721 2157 2057 2211 quibuscunque
2079 2157 2135 2199 ad
2157 2156 2323 2198 dictam

524 2233 688 2269 terram
741 2228 1047 2282 spectantibus
1089 2243 1167 2271 seu
1208 2229 1323 2270 iuste
1365 2234 1566 2283 spectare
1607 2227 1859 2269 valentibus
1908 2224 2238 2280 quomodolibet
2279 2223 2324 2265 in

524 2297 721 2339 futurum
754 2298 936 2352 prefatis
967 2305 1122 2340 curato
1154 2305 1197 2340 et
1229 2297 1476 2352 capellanis
1499 2304 1541 2339 et
1565 2296 1656 2338 suis
1679 2295 2010 2338 successoribus
2042 2309 2067 2336 a
2100 2308 2170 2335 me
2202 2293 2325 2335 here-

525 2366 654 2408 dibus
680 2366 790 2408 meis
813 2374 855 2408 et
888 2367 1130 2421 assignatis
1152 2369 1205 2409 de
1237 2381 1444 2422 supremo
1476 2366 1656 2408 domino
1688 2372 1840 2407 nostro
1875 2366 1997 2419 Rege
2029 2378 2080 2406 ac
2112 2363 2157 2404 in
2189 2363 2325 2405 libero

525 2437 737 2491 burgagio
769 2437 1096 2492 imperpetuum
1130 2439 1166 2479 F
1171 2437 1355 2480 aciendo
1377 2437 1479 2479 inde
1502 2436 1608 2479 dicti
1640 2434 1859 2490 capellani
1882 2441 1925 2476 et
1949 2432 2016 2476 sui
2045 2445 2326 2474 successores

525 2505 705 2548 domino
737 2513 889 2548 nostro
924 2506 1036 2561 Regi
1069 2521 1146 2561 pro
1178 2506 1298 2549 dicta
1329 2513 1448 2548 terra
1481 2504 1718 2547 seruicium
1752 2503 1950 2546 debitum
1987 2508 2030 2544 et
2060 2506 2324 2543 consuetum

526 2575 586 2616 Et
626 2576 849 2617 reddendo
890 2575 991 2617 inde
1032 2576 1265 2618 annuatim
1311 2574 1605 2630 burgensibus
1655 2580 1698 2615 et
1751 2570 2062 2615 communitati
2104 2568 2231 2624 burgi
2272 2569 2326 2611 de

524 2645 754 2686 Aberdene
796 2659 871 2686 sex
912 2644 1077 2686 solidos
1113 2652 1156 2686 et
1193 2651 1294 2686 octo
1336 2644 1542 2686 denarios
1577 2641 1745 2684 vsualis
1779 2647 1956 2682 monete
1995 2638 2139 2693 Regni
2181 2636 2325 2679 scocie

524 2713 965 2767 proporcionabiliter
986 2715 1041 2756 ad
1064 2715 1175 2756 duos
1201 2713 1305 2767 annj
1330 2713 1546 2755 terminos
1567 2711 1745 2754 vsuales
1776 2717 1954 2752 tantum
1976 2723 2054 2764 pro
2085 2707 2207 2750 omni
2238 2705 2325 2749 alio

525 2783 712 2825 seruicio
744 2783 974 2826 exactione
995 2784 1063 2825 vel
1096 2785 1318 2826 demanda
1350 2798 1434 2838 que
1467 2798 1546 2838 pro
1578 2782 1697 2824 dicta
1728 2789 1845 2824 terra
1877 2781 1992 2835 exigi
2024 2778 2217 2834 poterint
2249 2783 2325 2820 aut

524 2853 684 2906 requiri
727 2853 787 2894 Et
830 2853 866 2894 si
907 2853 1011 2907 quid
1052 2853 1216 2895 residui
1257 2853 1386 2895 fuerit
1429 2855 1482 2895 de
1525 2852 1665 2894 firmis
1706 2852 1923 2894 fructibus
1963 2849 2207 2892 redditibus
2247 2853 2325 2890 aut

524 2921 885 2976 peruenientibus
906 2922 1023 2964 dicte
1054 2930 1169 2964 terre
1203 2922 1435 2965 annuatim
1468 2922 1551 2963 hoc
1585 2921 1742 2975 prefati
1775 2919 1994 2975 capellani
2025 2917 2239 2972 recipient
2270 2916 2326 2958 ad
