2524 3418
849 317 1060 358 Fzmdatio
1092 318 1237 359 altaris
1269 318 1361 358 diui
1390 318 1537 359 andree
2044 334 2096 375 91

290 433 531 476 Redditum
555 434 708 475 decem
727 431 968 474 solidorum
992 433 1045 474 de
1067 438 1184 474 terra
1201 432 1439 475 Alexandri
1463 433 1655 476 sauchar
1671 435 1852 477 Iacente
1875 433 1919 476 in
1942 436 2096 478 eodem

287 504 384 546 vico
407 504 522 545 inter
543 509 708 545 terram
731 501 949 557 Willelmj
975 501 1174 557 blynsele
1197 516 1249 544 ex
1271 503 1456 545 australi
1480 510 1606 558 parte
1629 509 1671 546 et
1694 510 1859 547 terram
1882 505 2096 547 heredum

288 575 512 629 quondam
530 572 746 615 Iohannis
763 572 938 614 Thome
956 587 1009 614 ex
1025 572 1181 615 boriali
1199 579 1325 627 parte
1345 575 1460 616 Item
1477 588 1614 616 vnum
1633 588 1831 616 annuum
1852 575 2094 617 Redditum

287 645 340 687 de
372 650 489 686 terra
523 644 747 698 quondam
786 643 967 698 eduardj
1001 649 1078 698 top
1112 644 1293 685 Iacente
1330 643 1374 685 in
1409 646 1563 687 eodem
1598 644 1696 687 vico
1724 645 1949 688 furcarum
1982 646 2098 688 inter

287 720 451 757 terram
493 713 668 755 Thorne
710 712 858 754 litstar
898 727 951 754 ex
991 712 1147 754 boriali
1192 719 1318 766 parte
1360 728 1412 756 ex
1451 728 1539 757 vna
1580 720 1622 756 et
1663 720 1830 757 terram
1872 716 2096 770 quondam

289 783 505 827 Iohannis
527 784 580 825 de
602 782 756 824 maker
777 781 977 824 sauchak
998 796 1051 823 ex
1073 783 1258 837 australj
1283 789 1408 838 parte
1431 790 1602 839 septem
1626 783 1867 827 solidorum
1891 785 2098 828 annualis

291 853 510 896 Redditus
537 853 725 894 Necnon
754 852 841 894 Sex
870 851 1036 893 solidos
1067 852 1274 894 annualis
1306 853 1505 895 redditus
1538 855 1590 896 de
1622 859 1740 897 terra
1772 854 2011 897 Alexandri
2045 856 2098 898 de

288 938 465 967 camera
498 921 706 976 seriiandj
740 923 922 964 Iacente
945 921 989 962 in
1011 921 1108 963 vico
1138 922 1321 964 nauium
1350 923 1466 965 inter
1492 930 1657 966 terram
1683 924 1865 979 Robertj
1890 924 2098 967 ranisone

287 1001 330 1036 et
352 991 499 1035 vxoris
531 1006 609 1033 sue
636 1006 688 1033 ex
716 990 981 1044 occidentalj
1018 997 1143 1044 parte
1173 992 1227 1033 ab
1249 1006 1336 1034 vna
1365 998 1408 1034 et
1436 999 1601 1035 terram
1630 993 1843 1036 heredum
1873 995 2097 1049 quondam

289 1062 504 1106 Iohannis
545 1063 647 1104 rede
687 1061 799 1115 fabrj
834 1076 887 1103 ex
922 1061 1079 1103 boriali
1120 1068 1246 1116 parte
1287 1077 1341 1104 ex
1381 1063 1521 1106 altera
1564 1065 1679 1106 Item
1720 1079 1857 1107 vnum
1899 1080 2098 1108 annuum

285 1133 507 1177 redditum
541 1138 713 1186 septem
751 1131 992 1173 solidorum
1030 1132 1211 1174 Iacente
1254 1131 1299 1173 in
1335 1132 1433 1174 vico
1471 1134 1523 1175 de
1555 1133 1596 1175 16
1627 1134 1756 1189 futhy
1787 1141 2022 1177 exeuntem
2055 1141 2098 1178 et

2129 790 2188 825 fol.
2202 790 2265 824 362

286 1204 527 1247 leuandum
580 1203 633 1244 de
684 1202 857 1244 duabus
908 1201 1039 1243 terris
1085 1203 1310 1256 quondam
1361 1202 1491 1257 Alanj
1545 1203 1719 1245 talzour
1767 1204 1884 1246 inter
1932 1205 2137 1247 terram‘

287 1274 512 1330 quondam
545 1271 765 1316 Willelmi
798 1286 978 1314 menZes
1010 1287 1062 1314 ex
1094 1272 1281 1315 australi
1303 1279 1429 1327 parte
1461 1280 1504 1315 et
1536 1280 1700 1316 terram
1723 1274 1898 1317 Thome
1924 1277 2099 1319 Andree

285 1358 441 1386 versus
462 1342 633 1386 boriam
658 1343 846 1384 Necnon
867 1356 1005 1384 vnum
1028 1356 1227 1384 annuum
1251 1343 1474 1385 redditum
1498 1343 1794 1399 quadraginta
1816 1345 2098 1388 denariorum

287 1419 523 1457 exeuntem
556 1412 790 1455 annuatim
823 1418 866 1455 et
898 1412 1139 1455 leuandum
1173 1414 1226 1455 de
1257 1419 1375 1456 terra
1413 1413 1629 1456 Iohannis
1663 1414 1808 1456 litster
1840 1416 2021 1457 Iacente
2053 1415 2098 1457 in

286 1483 384 1526 vico
424 1482 536 1537 virdj
585 1482 702 1525 inter
745 1488 888 1525 terras
936 1483 1152 1526 Iohannis
1196 1484 1364 1539 mathej
1407 1499 1562 1527 versus
1609 1484 1756 1527 oriens
1803 1491 1845 1527 et
1892 1485 2100 1528 occidens

286 1554 526 1596 Tenendos
556 1559 598 1594 et
631 1553 861 1595 habendos
893 1568 1049 1596 omnes
1081 1560 1124 1596 et
1157 1553 1357 1609 singulos
1389 1569 1563 1597 annuos
1594 1554 1793 1597 redditus
1830 1555 2100 1610 prescriptos

287 1624 458 1680 prefato
480 1623 714 1678 capellano
736 1624 792 1665 ad
814 1623 932 1665 idem
955 1623 1096 1666 altare
1126 1624 1367 1680 celebrantj
1399 1631 1442 1667 et
1474 1639 1553 1680 pro
1585 1631 1799 1680 perpetuo
1822 1624 2099 1667 celebraturo

287 1710 366 1751 per
393 1709 464 1737 me
493 1701 570 1737 aut
604 1709 683 1750 per
713 1694 855 1737 filium
888 1709 1038 1737 meum
1070 1695 1372 1738 Alexandrum
1403 1697 1456 1738 de
1488 1710 1586 1738 mar
1615 1696 1915 1751 presentando
1947 1701 1990 1737 et
2023 1710 2100 1750 per

288 1767 474 1810 heredes
492 1781 597 1809 suos
614 1765 786 1808 tociens
804 1766 1016 1821 quociens
1032 1781 1192 1810 vacare
1211 1767 1478 1823 contingerit
1496 1782 1598 1810 cum
1617 1767 1824 1809 omnibus
1846 1772 1888 1809 et
1912 1765 2099 1821 singulis

287 1836 567 1880 libertatibus
609 1835 956 1879 comoditatibus
997 1842 1039 1879 et
1081 1836 1361 1880 aisiamentis
1402 1852 1454 1881 ac
1498 1837 1636 1880 Iustis
1678 1836 1770 1879 suis
1812 1835 2098 1892 pertinenciis

288 1907 625 1962 quibuscunque
647 1907 702 1948 ad
725 1905 868 1949 dictos
890 1921 1064 1949 annuos
1085 1907 1285 1950 redditus
1317 1907 1624 1963 spectantibus
1647 1921 1725 1949 seu
1749 1907 1872 1949 Iuste
1895 1912 2097 1961 spectare

286 1978 541 2022 valentibus
570 1977 901 2033 quomodolibet
924 1977 968 2020 in
991 1978 1189 2021 futurum
1213 1979 1323 2021 adeo
1355 1977 1490 2021 libere
1523 1977 1670 2032 quiete
1692 1976 1890 2032 plenarie
1918 1978 2097 2031 Integre

287 2049 398 2092 bene
431 2054 474 2090 et
506 2047 552 2089 in
584 2062 693 2102 pace
726 2047 841 2090 sicut
873 2047 1008 2103 aliquj
1044 2048 1179 2103 annuj
1214 2048 1414 2091 redditus
1446 2046 1559 2090 infra
1588 2047 1757 2090 dictum
1791 2047 1981 2102 burgum
2018 2060 2097 2101 pro

287 2117 629 2174 agmentacione
672 2117 819 2160 cultus
861 2117 999 2173 diuinj
1051 2119 1214 2160 dantur
1255 2124 1298 2160 et
1341 2117 1630 2172 assignantur
1670 2116 1765 2159 sine
1805 2115 2097 2159 reuocacione

287 2187 470 2243 aliquali
493 2188 563 2229 De
592 2186 752 2241 quibus
781 2186 959 2241 quidem
983 2187 1144 2230 annuis
1169 2187 1415 2230 redditibus
1444 2186 1659 2229 saisinam
1692 2192 1734 2229 et
1766 2185 2096 2241 possessionem

287 2256 610 2300 successoriam
653 2255 772 2298 dicto
812 2256 1064 2299 Alexandro
1107 2271 1204 2299 mar
1243 2256 1334 2299 filio
1376 2271 1476 2298 meo
1518 2255 1750 2298 nominato
1793 2261 1836 2297 et
1878 2269 1931 2297 ex
1971 2260 2096 2310 parte

287 2326 474 2371 ecclesie
511 2341 562 2369 ac
600 2325 754 2368 altaris
796 2325 1010 2381 antedictj
1053 2326 1167 2381 tradj
1210 2325 1294 2369 feci
1336 2325 1578 2381 corporalis
1619 2340 1696 2381 per
1736 2324 1953 2368 balliuum
1996 2324 2095 2367 sub-

287 2397 503 2453 scriptum
547 2397 796 2439 Reseruato
836 2397 938 2439 Iure
972 2402 1238 2452 patronatus
1274 2396 1494 2439 dictorum
1531 2409 1782 2439 annuorum
1820 2394 2094 2437 Reddituum

286 2468 458 2524 prefato
499 2466 753 2509 Alexandro
801 2473 844 2510 et
893 2466 1130 2510 heredibus
1179 2466 1271 2509 suis
1319 2467 1374 2509 ad
1422 2472 1683 2522 perpetuam
1725 2464 1786 2520 rej
1831 2463 2094 2507 memoriam

286 2539 499 2582 duraturo
541 2535 794 2579 Faciendus
846 2537 957 2579 Inde
1008 2535 1155 2579 dictus
1196 2535 1457 2591 capellanus
1497 2541 1541 2578 et
1583 2534 1650 2589 suj
1695 2548 1977 2577 successores
2018 2548 2096 2588 pro

286 2607 438 2651 anima
480 2620 580 2649 mea
627 2612 671 2648 et
720 2604 958 2650 animabus
999 2605 1200 2649 omnium
1242 2605 1541 2662 predictorum
1583 2603 1844 2647 oracionum
1887 2602 2096 2657 suffragia

286 2679 551 2721 deuotarum
574 2677 628 2718 In
658 2675 798 2720 Cuius
838 2676 898 2732 rej
942 2676 1251 2719 testimonium
1290 2675 1497 2731 Sigillum
1540 2689 1689 2717 meum
1720 2687 1913 2717 vnacum
1951 2671 2096 2726 sigillo

285 2746 560 2792 honorabilis
590 2746 671 2801 virj
714 2746 890 2790 Thome
931 2749 985 2790 de
1025 2747 1111 2803 fyfe
1152 2747 1282 2790 Vnius
1319 2746 1585 2790 balliuorum
1617 2744 1744 2800 burgi
1785 2745 1838 2787 de
1875 2742 2095 2786 Abirdene

285 2818 389 2861 huic
430 2816 626 2873 presentj
665 2823 787 2860 carte
823 2832 921 2861 mee
957 2825 1060 2861 sunt
1096 2819 1308 2874 Appensa
1344 2819 1461 2874 apud
1499 2817 1668 2860 dictum
1700 2817 1888 2870 burgum
1921 2813 2094 2856 decimo

286 2888 356 2931 die
388 2886 556 2930 mensis
586 2887 776 2942 Augustj
811 2902 929 2930 anno
961 2888 1129 2938 domini
1171 2887 1409 2931 millesimo
1442 2884 1882 2943 quadringentesimo
1916 2890 2092 2938 septua-

285 2956 456 3012 gesimo
491 2956 630 2999 tercio
665 2958 952 3001 Presentibus
990 2959 1161 3002 Ibidem
1196 2958 1530 3002 honorabilibus
1565 2957 1670 3001 viris
1705 2955 1745 2999 T
1749 2955 1883 2998 homa
1919 2955 1972 2996 de
2005 2953 2091 3010 fyfe
