2524 3418
417 282 607 326 Donacio
639 281 874 338 Capellam‘s
905 280 1085 322 Ecclesia
1108 278 1361 335 parochialis
1392 279 1438 320 de
1469 278 1677 320 Abirdene
1901 292 1951 333 71

148 408 265 443 terra
297 399 403 443 dicti
431 400 584 441 thome
612 397 730 440 traill
762 398 942 439 Iacente
965 395 1010 437 in
1033 396 1187 437 eodem
1209 393 1306 436 vico
1329 394 1444 436 inter
1473 400 1638 436 terram
1667 393 1774 436 dicti
1801 394 1954 437 thome

149 471 310 513 litsteir
341 485 393 512 ex
425 475 550 524 parte
581 467 814 511 borientali
847 473 889 508 et
921 473 1084 508 terram
1119 465 1272 507 thome
1304 465 1404 506 club
1437 479 1489 506 ex
1520 471 1645 518 parte
1677 465 1860 506 australi
1895 466 1954 506 Et

148 555 286 583 vnum
330 554 528 583 annuum
570 538 791 580 redditum
828 538 928 579 xxd
970 538 1022 578 de
1058 542 1175 578 terra
1211 535 1318 577 dicti
1354 535 1507 576 thome
1549 534 1649 576 club
1693 535 1874 577 Iacente
1911 535 1955 576 in

151 612 306 653 eodem
339 611 455 652 inter
484 616 648 651 terram
685 608 838 649 thome
867 606 985 649 traill
1023 620 1075 647 ex
1106 611 1233 659 parte
1267 603 1421 647 boriali
1458 610 1501 645 et
1538 610 1702 645 terram
1742 604 1957 646 Iohannis

151 695 256 734 crag
277 694 330 722 ex
351 685 476 734 parte
499 677 683 720 australi
714 678 773 718 Et
796 690 933 718 vnum
963 689 1161 717 annuum
1190 673 1412 715 redditum
1435 673 1478 714 ix
1496 687 1516 714 s
1538 674 1591 715 de
1612 679 1731 715 terra
1757 672 1957 714 vilhelmi

152 749 265 791 moir
297 750 478 791 Iacente
501 747 545 788 in
568 746 665 788 vico
691 745 874 787 nauium
908 743 1015 785 dicti
1048 743 1174 797 burgi
1206 742 1322 784 inter
1352 749 1516 784 terram
1550 743 1712 784 andree
1745 743 1878 797 allanj
1905 757 1958 784 ex

152 826 278 873 parte
314 816 581 860 occidentali
618 822 660 857 et
698 814 972 857 antedictam
1009 819 1173 855 terram
1213 827 1358 854 meam
1397 827 1449 853 ex
1490 818 1616 866 parte
1653 811 1858 855 orientali
1897 814 1957 854 Et

151 903 288 930 vnum
320 901 519 930 annuum
551 885 774 927 redditum
796 884 853 938 vij
875 899 895 925 s
924 890 966 925 et
1000 883 1039 937 xj
1061 884 1088 925 d
1120 884 1173 925 de
1205 889 1322 925 terra
1356 883 1571 925 Iohannis
1602 882 1730 937 gouis
1761 883 1806 925 in
1841 884 1960 926 dicto

151 958 249 1001 vico
281 958 397 999 inter
428 962 571 998 terras
603 969 727 996 meas
755 953 979 1008 predictas
1011 966 1063 993 ex
1094 951 1295 1006 partibus
1317 951 1583 993 occidentali
1605 958 1648 993 et
1671 951 1875 995 orientali
1899 955 1959 995 Et

151 1042 288 1069 vnum
326 1041 525 1069 annuum
557 1024 780 1067 redditum
813 1023 900 1065 xld
933 1023 986 1064 de
1017 1028 1134 1064 terra
1166 1021 1386 1064 Willelmi
1423 1022 1523 1064 club
1560 1021 1740 1075 pistoris
1778 1024 1959 1065 Iacente

149 1099 279 1153 juxta
310 1099 445 1140 finem
477 1096 584 1139 dicti
609 1095 693 1149 vicj
729 1095 845 1136 inter
876 1100 1040 1136 terram
1074 1094 1298 1147 quondam
1330 1092 1505 1146 gilberti
1538 1107 1721 1134 masone
1753 1107 1805 1135 ex
1836 1101 1961 1148 parte

154 1168 360 1210 orientali
397 1174 440 1209 et
475 1172 639 1209 terram
676 1164 877 1207 vilhelmi
913 1164 1253 1218 lammyntoune
1288 1177 1342 1204 ex
1376 1168 1503 1217 parte
1539 1163 1725 1206 australi
1767 1170 1809 1206 et
1850 1165 1962 1208 duas

153 1238 248 1281 vias
271 1238 416 1293 regias
436 1243 531 1280 tam
554 1251 607 1278 ex
628 1242 753 1291 parte
775 1234 930 1278 boriali
954 1248 1088 1288 quarn
1111 1232 1377 1275 occidentali

502 1308 622 1349 Nota
645 1307 761 1360 quod
784 1319 940 1347 omnes
962 1303 1195 1359 prescripti
1218 1303 1353 1357 annuj
1378 1301 1578 1344 redditus
1608 1308 1825 1345 terrarum
1858 1311 1962 1347 sunt

385 1378 438 1420 de
459 1378 596 1419 fundo
618 1376 816 1431 ipsarum
839 1374 1188 1430 prescriptarum
1215 1380 1345 1428 prout
1368 1372 1509 1416 lacius
1541 1372 1585 1414 in
1609 1373 1745 1415 cartis
1776 1375 1965 1429 desuper

387 1446 601 1490 confectis
623 1446 799 1502 plenius
822 1445 1078 1489 continetur

925 1586 1195 1629 XXXVIII.

307 1682 587 1726 AGISTER
609 1684 842 1726 duncanus
865 1681 1056 1725 Scherar
1075 1683 1240 1723 Rector
1261 1681 1315 1722 de
1338 1679 1438 1722 Clat
1459 1679 1649 1721 Ornauit
1673 1685 1715 1722 et
1739 1680 1965 1723 decorauit

365 1754 534 1797 dictum
557 1754 697 1797 altare
715 1753 860 1797 sancti
883 1752 1065 1796 duthaci
1088 1766 1189 1794 cum
1213 1750 1350 1793 calice
1369 1748 1541 1805 argenti
1565 1764 1665 1792 cum
1683 1749 1968 1805 ymaginibus

159 1826 426 1867 Sanctorum
450 1824 611 1867 moloci
642 1824 770 1867 fotini
796 1822 1056 1878 Kentigerni
1089 1828 1131 1864 et
1159 1827 1314 1864 sancte
1345 1820 1514 1876 brigide
1546 1834 1678 1874 super
1706 1819 1888 1863 calicem
1923 1827 1966 1863 et

158 1895 202 1937 in
236 1902 399 1950 patena
432 1895 630 1938 eiusdem
664 1909 765 1937 cum
787 1894 996 1950 ymagine
1018 1892 1136 1936 beati
1163 1892 1263 1946 (sic)
1290 1890 1429 1934 marie
1459 1889 1644 1945 virginis
1667 1889 1892 1933 deauratis
1923 1896 1967 1932 et

159 1981 260 2009 cum
298 1966 486 2008 diuersis
523 1966 622 2009 aliis
655 1965 932 2008 ornamentis
970 1965 1029 2006 Et
1067 1978 1168 2006 cum
1202 1962 1328 2005 sedili
1370 1966 1474 2004 ante
1506 1961 1646 2003 altare
1687 1975 1820 2015 super
1851 1961 1990 2015 quod·

157 2038 413 2092 ponendum
435 2037 539 2079 fecit
560 2051 697 2079 vnum
712 2036 921 2078 volumen
936 2035 1134 2090 legatum
1153 2033 1197 2075 in
1216 2048 1302 2088 quo
1326 2031 1553 2087 Incipiunt
1572 2045 1800 2073 sermones
1820 2030 1969 2073 fratris

159 2107 394 2151 Wilhelmi
417 2108 641 2163 lugdoune
664 2108 716 2150 de
735 2106 936 2162 epistolis
958 2105 1002 2147 in
1026 2104 1262 2148 dominicis
1285 2102 1439 2145 diebus
1461 2116 1540 2157 per
1560 2116 1728 2144 annum
1752 2102 1812 2143 Et
1830 2115 1967 2143 vnum

160 2178 475 2234 martologium
510 2185 552 2221 et
583 2193 720 2220 vnum
758 2177 1003 2232 psalterum
1041 2175 1374 2218 cathenandum
1412 2187 1561 2216 coram
1599 2171 1718 2215 dicto
1750 2171 1880 2215 altari
1913 2172 1968 2215 ad

161 2249 298 2292 sedile
321 2249 415 2292 siue
438 2249 636 2293 stallium
661 2250 721 2291 Et
744 2264 822 2304 pro
846 2250 927 2291 deo
951 2254 1074 2290 orate
1097 2261 1174 2302 pro
1197 2261 1248 2288 eo

956 2400 1175 2443 XXXIX.

274 2498 404 2541 PUD
427 2497 659 2540 Aberdene
681 2497 854 2540 decimo
877 2496 1032 2551 quinto
1060 2495 1130 2538 die
1159 2493 1327 2536 mensis
1356 2491 1626 2536 Nouembris
1646 2492 1777 2533 Anno
1803 2489 1970 2533 domini

331 2567 569 2609 millesimo
584 2566 1023 2622 quadringentesimo
1042 2564 1347 2619 octuagesimo
1369 2569 1530 2606 octauo
1549 2562 1880 2605 Concordatum
1904 2567 1971 2603 est

163 2638 279 2680 inter
303 2637 579 2680 venerabiles
599 2638 717 2680 viros
742 2637 1010 2692 Magistrum
1034 2638 1290 2679 duncanum
1318 2634 1509 2677 Scherar
1532 2635 1770 2675 Rectorem
1800 2632 1853 2674 de
1883 2631 1972 2673 clat

165 2724 218 2751 ex
238 2723 326 2750 vna
348 2714 390 2750 et
414 2715 617 2750 curatum
645 2715 687 2751 et
711 2709 968 2763 capellanos
997 2706 1184 2750 ecclesie
1215 2704 1484 2760 parochialis
1506 2705 1560 2746 de
1582 2702 1792 2746 abirdene
1824 2700 1972 2743 Inhibi

165 2778 442 2821 celebrantes
477 2778 678 2832 partibus
710 2793 762 2821 ex
794 2779 935 2821 altera
965 2778 1010 2820 in
1043 2778 1174 2819 modo
1207 2782 1249 2818 et
1281 2776 1423 2818 forma
1451 2772 1740 2828 sequentibus
1766 2771 1972 2814 videlicet

167 2849 283 2903 quod
315 2848 461 2891 dictus
495 2849 712 2903 Magister
746 2851 980 2891 duncanus
1014 2846 1262 2891 affermabit
1295 2846 1375 2888 eiis
1411 2843 1642 2887 annuatim
1678 2841 1974 2896 quadraginta

167 2919 332 2962 solidos
364 2926 543 2962 monete
574 2920 719 2962 scocie
745 2935 822 2976 per
847 2920 1027 2976 equales
1058 2918 1290 2974 porciones
1318 2916 1498 2959 infesto
1530 2912 1685 2958 Sancti
1717 2911 1895 2969 martinj
1930 2916 1973 2952 et

1999 1691 2140 1722 Summa

1998 1734 2153 1766 Rentalis

1997 1778 2113 1810 altaris
2130 1777 2220 1809 beati

1998 1821 2135 1853 duthaci
2154 1821 2186 1863 iij
2205 1820 2252 1852 lib

1998 1871 2031 1898 et
2047 1865 2090 1908 vij
2103 1865 2124 1896 d

2001 2497 2060 2531 fol.
2076 2500 2117 2531 29
2129 2498 2140 2518 ¹
