2524 3418
157 1268 214 1300 sol.
234 1267 297 1301 79²

462 318 544 347 200
1058 308 1187 349 Carta
1219 305 1378 347 domini
1408 305 1557 347 Dauid
1592 306 1718 347 Waus

633 423 759 465 HOC
786 422 902 464 EST
931 421 1230 463 RENTALE
1255 421 1482 462 VERUM
1509 419 1590 461 ET
1615 420 2071 464 INDUBITATUM
2092 421 2257 464 -funda-

629 492 804 533 cionum
838 490 1036 533 omnium
1069 489 1320 532 reddituum
1355 489 1685 543 capellanorum
1718 489 1839 531 chori
1872 489 1962 532 diui
1994 489 2170 545 nicolaij
2204 492 2257 533 de

628 561 835 603 abirdene
859 560 1093 602 collectum
1112 574 1187 613 per
1208 559 1437 601 dominum
1461 560 1671 601 andream
1695 572 1858 613 couper
1879 566 1922 602 et
1945 559 2159 602 vsitatum
2181 575 2258 615 per

627 631 768 673 dictos
813 630 1068 684 capellanos
1105 636 1147 670 et
1190 628 1292 670 huic
1334 628 1520 683 registro
1557 642 1633 682 per
1674 628 1938 683 magistrum
1975 629 2255 672 Willelmum

628 699 880 755 philipsoun
908 698 1130 740 notarium
1154 698 1379 753 publicum
1403 698 1618 739 insertum
1647 704 1892 740 correctum
1916 704 1958 740 et
1982 698 2253 753 castigatum

626 768 835 823 nuperius
877 774 924 809 ut
967 767 1156 809 lucidius
1197 767 1241 808 in
1284 767 1417 809 cartis
1458 766 1771 808 fundationum
1813 768 2002 822 desuper
2041 767 2255 810 confectis

626 837 792 892 patebit
821 843 936 878 teste
964 836 1226 891 cirographo
1256 850 1354 878 meo
1384 835 1580 877 manuali
1602 849 1690 877 vna
1712 850 1811 878 cum
1840 836 1967 891 signo
1992 836 2095 878 huic
2122 851 2254 892 appo-

522 583 564 853 uquefflosgqs)

625 906 710 948 sito
747 920 864 948 anno
901 905 1066 948 domini
1105 905 1341 947 millesimo
1376 904 1731 960 quingentesimo
1762 905 1977 960 vigesimo
2009 905 2150 960 primo
2184 905 2254 948 die

625 975 774 1030 mercij
799 975 1014 1029 vigesimo
1037 981 1160 1016 sexto
1698 974 1759 1016 W
1784 974 1866 1016 Phi
1890 974 2064 1016 Notarii
2086 974 2249 1029 publicj

1047 1057 1101 1098 In
1113 1057 1222 1112 folio
1243 1056 1321 1112 79¹
1341 1056 1450 1098 nihil
1469 1056 1664 1112 scriptum

1312 1172 1390 1215 CI.

579 1263 827 1305 MNIBUS
850 1261 965 1304 hanc
989 1267 1158 1304 cartam
1181 1260 1342 1303 visuris
1358 1261 1426 1303 vel
1450 1259 1668 1303 audituris
1692 1259 1915 1302 Dominus
1939 1259 2088 1302 Dauid
2105 1260 2253 1303 Waus

635 1332 906 1387 Capellanus
946 1338 1187 1387 perpetuus
1227 1331 1381 1374 altaris
1417 1330 1511 1373 siue
1548 1329 1792 1385 capellanie
1829 1329 2064 1385 hospitalis
2105 1329 2249 1373 sancti

451 1403 602 1445 thome
635 1402 842 1458 martyris
874 1401 985 1443 infra
1018 1403 1207 1456 burgum
1240 1402 1293 1443 de
1329 1400 1537 1443 abirdene
1574 1399 1738 1442 situate
1772 1399 1962 1442 salutem
1994 1399 2039 1440 in
2071 1399 2252 1442 domino

451 1472 767 1528 sempiternam
811 1471 1038 1514 Noueritis
1079 1485 1149 1512 me
1185 1469 1377 1512 vtilitate
1414 1483 1513 1512 mea
1549 1475 1592 1511 et
1627 1483 1933 1511 successorum
1970 1481 2169 1510 meorum
2205 1467 2251 1510 in

451 1543 534 1585 hac
571 1549 696 1597 parte
732 1541 924 1596 Vndique
961 1540 1138 1595 preuisa
1174 1546 1216 1582 et
1254 1539 1498 1594 deligenter
1534 1537 1813 1580 considerata
1849 1552 1901 1579 ex
1934 1537 2067 1580 certis
2103 1536 2252 1579 causis

450 1611 786 1654 rationabilibus
808 1611 1006 1653 animum
1041 1624 1189 1651 meum
1212 1609 1280 1651 Ad
1306 1609 1390 1650 hoc
1423 1607 1707 1650 mouentibus
1729 1614 1771 1649 et
1793 1606 2024 1662 presertim
2047 1621 2126 1661 pro
2148 1620 2250 1648 con-

451 1681 694 1724 structione
727 1688 768 1723 et
802 1679 1081 1723 edificatione
1112 1686 1226 1722 terre
1247 1685 1374 1721 vaste
1408 1678 1694 1733 Infrascripte
1726 1679 1779 1720 de
1811 1691 1898 1732 qua
1929 1691 2011 1732 ego
2042 1690 2124 1719 nec
2155 1690 2251 1731 pre-

450 1753 703 1794 decessores
725 1751 810 1793 mei
834 1751 1005 1793 nullum
1032 1751 1316 1792 commodum
1349 1749 1588 1792 habuimus
1613 1749 1668 1791 ad
1694 1747 1918 1803 Tempora
1937 1747 2053 1789 vltra
2084 1759 2250 1788 memo-

449 1821 559 1863 riam
602 1821 833 1864 hominum
875 1821 1084 1876 preterita
1125 1835 1227 1863 cum
1269 1819 1489 1875 expressis
1539 1819 1674 1862 etiam
1717 1832 1937 1861 consensu
1978 1823 2022 1860 et
2063 1830 2250 1859 assensu

449 1891 659 1946 prepositi
682 1891 947 1934 balliuorum
971 1890 1204 1933 consulum
1238 1897 1280 1933 et
1312 1889 1650 1933 communitatis
1681 1887 1787 1931 dicti
1818 1887 1943 1942 burgj
1967 1887 2021 1929 de
2042 1885 2250 1928 abirdene

449 1966 736 2015 patronorum
770 1959 1128 2003 Indubitatorum
1166 1959 1282 2001 dicte
1314 1958 1560 2013 capellanie
1597 1959 1652 2000 ad
1683 1957 1801 2000 hunc
1838 1956 2044 1998 effectum
2076 1954 2121 1996 in
2154 1968 2248 2010 pre-

449 2029 561 2071 torio
593 2028 697 2083 dictj
733 2028 856 2083 burgj
895 2043 973 2083 pro
1007 2028 1173 2071 maiore
1209 2033 1334 2083 parte
1375 2033 1745 2082 congregatorum
1783 2039 1942 2080 corpus
1978 2023 2084 2067 dicti
2120 2022 2245 2078 burgj

449 2097 849 2152 representantium
877 2096 1050 2140 dedisse
1083 2096 1358 2139 concessisse
1389 2102 1432 2138 et
1464 2097 1519 2138 ad
1550 2095 1845 2138 feudifirmam
1879 2108 1956 2136 seu
1988 2098 2247 2148 perpetuam

448 2166 760 2221 emphiteosim
782 2166 1047 2209 hereditarie
1069 2165 1292 2208 dimisisse
1314 2172 1356 2208 et
1379 2165 1464 2208 hac
1486 2164 1680 2220 presenti
1703 2170 1825 2207 carta
1843 2177 1941 2206 mea
1959 2163 2246 2205 confirmasse

448 2236 634 2278 Necnon
663 2242 815 2277 tenore
849 2234 1121 2290 presentium
1154 2236 1257 2276 dare
1286 2235 1526 2276 concedere
1558 2239 1600 2275 et
1632 2234 1688 2275 ad
1715 2232 2011 2275 feudifirmam
2043 2245 2121 2273 seu
2152 2245 2247 2286 per-

445 2311 627 2360 petuam
665 2303 978 2359 emphiteosim
1015 2302 1279 2345 hereditarie
1313 2302 1537 2345 dimittere
1569 2308 1611 2344 et
1644 2302 1729 2344 hac
1766 2299 1958 2355 presenti
1990 2305 2113 2342 carta
2145 2314 2245 2341 mea

445 2374 706 2416 confirmare
738 2372 983 2426 honorabilj
1017 2372 1110 2414 viro
1143 2371 1291 2426 dauidj
1327 2385 1424 2413 mar
1453 2370 1527 2412 vni
1559 2369 1824 2412 balliuorum
1857 2368 1963 2411 dieti
1995 2367 2120 2423 burgj
2152 2367 2245 2410 suis

445 2443 680 2485 heredibus
712 2448 754 2484 et
784 2441 1024 2496 assignatis
1047 2440 1383 2495 quibuscunque
1414 2445 1556 2481 totam
1589 2444 1632 2480 et
1666 2439 1893 2492 Integram
1927 2437 2058 2478 Illam
2080 2442 2244 2479 terram

443 2518 618 2554 vastam
642 2517 684 2553 et
709 2510 1038 2564 Inhospitatam
1072 2523 1173 2551 cum
1207 2508 1299 2551 suis
1320 2507 1605 2563 pertinenciis
1636 2506 1752 2549 dicte
1784 2505 2030 2561 capellanie
2052 2519 2150 2548 mee
2173 2506 2244 2548 In-

445 2582 727 2624 cumbentem
753 2581 981 2622 Iacentem
1006 2579 1126 2621 Infra
1151 2579 1320 2621 dictum
1353 2579 1542 2632 burgum
1564 2577 1608 2618 in
1630 2576 1728 2619 vico
1750 2575 1884 2619 castri
1906 2590 1959 2618 ex
1980 2574 2244 2618 occidentali

445 2657 569 2706 parte
601 2650 798 2692 eiusdem
821 2648 905 2690 vici
930 2649 1053 2690 Inter
1080 2654 1244 2690 terram
1271 2647 1376 2690 olim
1408 2645 1590 2688 Ioannis
1610 2660 1721 2688 vaus
1751 2644 1917 2699 dominj
1951 2645 2005 2687 de
2036 2657 2172 2698 many
2192 2657 2246 2686 ex

445 2719 627 2773 australj
653 2733 706 2761 ex
726 2732 812 2761 vna
834 2724 997 2760 terram
1021 2716 1174 2760 altaris
1197 2715 1291 2759 siue
1314 2714 1558 2771 capellanie
1578 2713 1761 2768 virginis
1792 2713 1893 2756 diue
1924 2713 2107 2756 barbare
2132 2711 2245 2754 infra

445 2789 680 2833 ecclesiam
722 2788 1022 2844 parochialem
1070 2787 1188 2831 beati
1229 2786 1391 2830 nicolai
1432 2787 1485 2828 de
1526 2784 1734 2828 abirdene
1781 2783 1945 2826 situate
1986 2797 2039 2825 ex
2079 2780 2244 2826 boreali

445 2860 645 2916 partibus
667 2860 722 2902 ab
744 2859 884 2902 altera
909 2864 1073 2900 terram
1105 2856 1268 2900 roberti
1291 2855 1439 2899 cullan
1460 2869 1615 2898 versus
1646 2853 1854 2897 occidens
1884 2859 1927 2896 et
1959 2864 2242 2896 communem

445 2930 563 2972 viam
602 2928 789 2984 Regiam
827 2927 1100 2971 antedictam
1137 2941 1291 2969 versus
1327 2925 1472 2969 oriens
1513 2923 1873 2967 TENENDAM
1911 2927 1955 2964 et
1991 2920 2241 2964 habendam
