2524 3418
550 293 682 336 Carta
711 291 930 334 alexandri
960 304 1114 332 meozzes
1146 290 1193 331 de
1214 288 1467 344 fundacione
1499 287 1700 343 lampadis
1983 298 2036 340 75

234 409 520 467 pertinenciis
563 407 820 451 Iacentibus
861 406 906 448 in
948 404 1131 448 baronia
1168 406 1220 447 de
1257 404 1488 457 grandoun
1531 402 1644 444 infra
1676 401 2039 444 vicecomitatum

234 487 436 523 nostrum
461 480 513 521 de
537 478 745 521 abirdene
778 478 882 518 dato
905 482 947 517 et
972 489 1184 517 concesso
1217 488 1294 528 per
1320 473 1488 515 dictum
1511 473 1813 514 Alexandrum
1846 471 2041 513 menzeis

235 550 279 591 in
314 563 470 604 puram
505 555 548 590 et
583 554 843 603 perpetuam
875 545 1155 587 elimosinam
1191 544 1234 585 in
1268 542 1688 598 augmentacionem
1721 541 1860 583 diuini
1895 541 2042 583 cultus

235 621 299 662 Ac
332 619 376 660 in
409 619 586 660 laudem
619 624 662 659 et
695 616 908 658 honorem
942 614 1010 657 dei
1043 613 1365 668 omnipotentis
1394 612 1663 655 Beatissime
1688 610 1873 665 virginis
1905 610 2042 652 marie

237 691 468 732 beatorum
496 686 719 741 Nicholaij
745 693 788 728 et
813 685 1064 739 Sebastianj
1095 691 1137 726 et
1161 684 1361 726 omnium
1389 690 1645 726 sanctorum
1675 682 1918 737 Capellano
1950 695 2044 735 per-

238 765 372 813 petuo
402 756 557 799 altaris
584 755 728 797 sancti
759 754 1002 797 sebastiani
1033 754 1145 795 infra
1175 752 1410 795 ecclesiam
1434 751 1734 807 parochialem
1758 752 1811 793 de
1837 750 2045 793 abirdene

238 843 316 882 pro
348 832 501 868 nostra
532 824 827 880 prosperitate
856 830 898 865 et
929 824 1072 865 salute
1106 822 1253 864 anime
1285 829 1435 864 nostre
1458 829 1500 864 et
1528 822 1779 865 animarum
1809 825 2045 876 parentum

238 903 490 939 nostrorum
510 908 697 948 quorum
721 893 956 935 animabus
978 892 1248 947 propicietur
1269 893 1378 934 deus
1396 898 1438 934 et
1462 892 1713 934 animarum
1737 903 2045 933 successorum

239 972 491 1007 nostrorum
526 965 714 1005 Necnon
738 977 816 1018 pro
840 963 984 1004 salute
1017 962 1206 1004 aliarum
1237 962 1487 1004 animarum
1511 962 1555 1003 in
1579 961 1698 1004 dicta
1724 967 1849 1003 carta
1876 959 2045 1014 specifi-

238 1042 439 1079 catarum
472 1033 624 1076 diuina
647 1033 691 1074 in
714 1039 978 1087 perpetuum
1002 1033 1278 1074 celebraturo
1302 1033 1362 1074 Et
1393 1035 1448 1074 ad
1478 1033 1820 1074 sustentandam
1850 1045 1927 1085 pro
1953 1044 2047 1084 per-

239 1112 374 1160 petuo
397 1104 651 1158 lampadem
674 1103 770 1144 oleo
794 1103 1025 1144 ardentem
1049 1116 1199 1143 coram
1223 1108 1505 1143 sacramento
1528 1103 1646 1155 apud
1673 1114 1886 1155 magnum
1911 1099 2049 1141 altare

240 1176 357 1218 dicte
386 1173 573 1217 ecclesie
604 1174 849 1215 secundum
879 1179 1079 1214 tenorem
1108 1172 1224 1214 dicte
1252 1178 1373 1213 carte
1400 1186 1476 1226 per
1502 1171 1723 1226 prefatum
1746 1170 2049 1211 Alexandrum

241 1245 437 1288 menzeis
487 1246 677 1298 desuper
724 1244 924 1285 confecte
973 1243 1168 1284 litteram
1215 1257 1318 1284 vero
1365 1256 1442 1297 per
1489 1242 1709 1296 prefatum
1761 1241 2051 1283 alexandrum

241 1315 451 1359 comitem
481 1313 700 1356 buchanie
730 1314 942 1355 baronem
965 1314 1018 1354 de
1041 1313 1273 1367 grandoun
1297 1313 1349 1354 de
1372 1312 1512 1366 ipsius
1544 1325 1766 1353 consensu
1796 1317 1838 1352 et
1865 1323 2052 1352 assensu

242 1386 360 1429 dicto
394 1385 634 1427 alexandro
672 1383 868 1425 menzeis
902 1383 1020 1425 datis
1057 1389 1100 1424 et
1138 1382 1347 1424 exhibitis
1382 1383 1438 1424 ad
1471 1381 1790 1423 infeodandum
1823 1386 1865 1421 et
1899 1393 2053 1421 conce-

242 1458 436 1500 dendum
466 1455 636 1498 dictum
664 1469 863 1497 annuum
895 1453 1116 1496 redditum
1143 1454 1199 1495 ad
1227 1453 1434 1495 effectum
1465 1451 1826 1506 prenominatum
1853 1451 1906 1491 de
1932 1463 2054 1490 man-

243 1529 348 1569 dato
371 1532 523 1567 nostro
540 1524 661 1567 visas
679 1524 820 1566 lectas
843 1524 1070 1578 inspectas
1087 1529 1129 1565 et
1148 1522 1383 1577 diligenter
1405 1521 1685 1564 examinatas
1708 1534 1842 1562 sanas
1859 1519 2057 1573 integras

243 1610 332 1638 non
354 1610 480 1637 rasas
502 1609 590 1637 non
614 1594 888 1637 cancellatas
915 1608 996 1636 nec
1020 1593 1065 1634 in
1089 1592 1311 1647 aliquibus
1337 1607 1491 1634 earum
1515 1591 1715 1646 partibus
1743 1594 1976 1643 suspectas
2003 1588 2057 1629 ad

245 1666 426 1721 plenum
454 1664 727 1707 intellexisse
754 1665 835 1706 sub
862 1664 948 1705 hiis
969 1662 1124 1705 formis
1149 1663 1442 1705 OMNIBUS
1469 1661 1585 1703 hanc
1612 1667 1783 1703 cartam
1806 1658 1967 1700 visuris
1989 1656 2057 1699 vel

245 1735 464 1779 audituris
489 1735 740 1777 Alexander
767 1733 962 1776 menzeis
991 1733 1244 1788 prepositus
1273 1732 1399 1786 burgi
1424 1733 1477 1774 de
1507 1730 1688 1773 abirden
1717 1729 1908 1771 salutem
1935 1727 1980 1768 in
2006 1742 2058 1769 eo

247 1806 320 1861 qui
349 1812 415 1847 est
446 1804 646 1846 omnium
675 1818 779 1846 vera
811 1804 933 1845 salus
964 1804 1078 1846 Cum
1109 1802 1373 1844 mortalibus
1395 1807 1537 1843 morte
1560 1799 1697 1841 nichil
1730 1797 1900 1841 cercius
1929 1803 1972 1839 et
2003 1798 2057 1839 ad

247 1890 541 1932 supernorum
565 1878 693 1917 sedes
716 1874 875 1916 merita
902 1874 997 1916 sola
1029 1879 1277 1916 convocant
1313 1874 1572 1914 Memorans
1593 1870 1638 1912 in
1661 1869 1864 1912 districto
1888 1867 2058 1910 Iudicio

246 1948 362 1990 bona
395 1960 528 2000 opera
551 1960 628 2000 per
652 1946 828 1987 Iustum
854 1944 1053 1987 Iudicem
1081 1943 1355 1985 remunerari
1380 1940 1608 1984 Noueritis
1638 1954 1739 1983 cum
1767 1952 1989 1981 consensu
2016 1944 2058 1979 et

247 2031 434 2060 assensu
461 2015 701 2058 Alexandri
735 2014 925 2058 Comitis
957 2014 1179 2056 buchanie
1209 2013 1377 2055 domini
1407 2012 1493 2054 mei
1527 2008 1766 2066 superioris
1797 2008 1976 2051 baronis
2005 2008 2058 2049 de

247 2089 479 2144 grandoun
511 2087 566 2129 ad
599 2087 814 2128 honorem
841 2085 910 2127 dei
943 2084 1264 2140 omnipotentis
1297 2084 1564 2137 laudemque
1596 2080 1850 2122 intimerate
1875 2077 2058 2133 virginis

247 2159 343 2201 eius
376 2156 533 2199 matris
565 2156 810 2210 beatissimj
837 2155 1102 2198 confessoris
1134 2154 1343 2207 nicholaij
1374 2152 1554 2208 gloriosi
1588 2150 1784 2193 martiris
1816 2148 2057 2191 sebastiani

248 2228 536 2281 omniumque
560 2233 817 2269 sanctorum
836 2226 905 2268 dei
923 2226 967 2267 in
987 2226 1178 2268 salutem
1197 2224 1448 2267 animarum
1467 2220 1827 2275 excellentissimj
1847 2219 2060 2275 principis

250 2298 401 2342 Iacobi
425 2304 650 2340 scotorum
671 2297 808 2352 Regis
825 2296 948 2352 tercij
977 2296 1274 2350 Illustrissimj
1303 2296 1555 2349 Margarete
1577 2292 1727 2347 regine
1745 2291 1840 2333 eius
1857 2289 2059 2344 coniugis

251 2367 632 2421 Inuictissimique
664 2366 878 2422 principis
906 2366 1058 2409 Iacobi
1091 2365 1237 2421 quarti
1261 2365 1329 2408 sui
1351 2365 1428 2419 filij
1455 2370 1680 2406 scotorum
1713 2360 1829 2416 regis
1859 2359 2055 2412 modernj

252 2441 505 2493 Margarete
526 2437 677 2492 regine
695 2452 773 2479 sue
795 2436 997 2492 coniugis
1020 2450 1289 2490 suorumque
1310 2436 1673 2490 predecessorum
1691 2439 1733 2474 et
1751 2444 2058 2473 successorum

250 2508 502 2562 Animaque
534 2521 612 2561 pro
646 2507 897 2549 Reuerendi
930 2506 974 2548 in
1002 2506 1169 2548 christo
1195 2505 1336 2560 patris
1358 2503 1577 2548 Willelmi
1608 2501 1820 2557 Episcopi
1843 2499 2057 2542 Abirdon-

251 2578 371 2621 ensis
394 2592 444 2620 ac
468 2592 545 2632 pro
575 2578 720 2620 salute
743 2578 891 2620 anime
923 2592 1020 2620 mee
1043 2584 1085 2620 et
1109 2577 1360 2619 animarum
1383 2576 1557 2618 Andree
1584 2572 1779 2616 menzeis
1800 2570 1940 2626 patris
1971 2570 2057 2612 mei

254 2648 444 2691 Mariote
477 2648 718 2690 arbuthnot
751 2648 908 2690 matris
935 2662 1031 2690 mee
1060 2647 1295 2689 Elizabeth
1318 2646 1442 2688 leslie
1464 2645 1611 2688 onris
1643 2657 1739 2685 mee
1771 2641 2059 2694 omniumque

251 2719 438 2760 fratrum
486 2731 687 2759 sororum
737 2719 980 2760 Parentum
1023 2724 1065 2760 et
1109 2717 1355 2760 amicorum
1398 2730 1598 2758 meorum
1642 2721 1684 2756 et
1727 2712 2059 2755 benefactorum

253 2787 542 2841 omniumque
574 2787 772 2830 fidelium
805 2789 1114 2831 defunctorum
1139 2794 1181 2830 et
1211 2786 1464 2842 specialiter
1494 2800 1572 2841 pro
1605 2784 1840 2827 animabus
1872 2796 2058 2836 quorum

254 2859 370 2901 bona
392 2856 686 2911 quouismodo
714 2857 759 2899 in
787 2858 917 2900 terris
946 2858 1121 2913 percepi
1145 2859 1311 2911 absque
1340 2855 1628 2899 restitucione
1651 2859 1727 2896 aut
1750 2865 2058 2905 recompensa-

254 2927 380 2972 cione
405 2926 594 2971 Dedisse
612 2927 887 2973 concessisse
905 2935 947 2971 et
967 2929 1051 2971 hac
1070 2927 1263 2987 presenti
1282 2934 1406 2970 carta
1424 2941 1524 2968 mea
1541 2925 1584 2966 in
1603 2938 1758 2985 puram
1778 2921 2057 2965 elimosinam
2087 2931 2146 2965 fol.
2163 2931 2227 2966 30
