2524 3418
806 313 1017 355 Fundatio
1047 314 1194 355 altaris
1229 313 1378 355 Sancti
1407 313 1524 355 Petri
1986 323 2064 352 111

254 429 308 471 de
342 427 472 470 terris
508 427 779 470 tenementis
815 434 858 470 et
891 428 1042 471 croftis
1079 428 1341 484 subscriptis
1371 427 1577 471 videlicet
1615 428 1668 470 de
1704 433 1822 469 terra
1850 425 2069 469 Willelmi

255 498 308 538 de
351 495 506 539 cowtis
549 497 730 538 Iacente
772 496 816 538 in
859 497 902 552 ly
943 511 1078 551 grene
1119 497 1235 539 inter
1281 498 1506 552 quandam
1547 503 1712 538 terram
1755 494 1910 537 altaris
1951 493 2069 536 beati
2102 508 2160 544 got
2177 508 2235 534 out
2253 508 2289 534 to

258 564 440 619 Ninianj
470 579 523 606 ex
544 571 670 619 parte
702 565 887 607 australi
917 580 970 607 ex
1002 580 1090 608 vna
1120 572 1162 607 et
1196 580 1479 608 communem
1512 565 1630 607 viam
1660 563 1829 618 regiam
1862 577 1915 604 ex
1946 569 2070 617 parte
2103 547 2189 578 Iohn
2214 546 2280 578 and

2103 590 2239 621 andrew

259 632 424 675 boreali
450 632 650 687 partibus
679 647 731 674 ex
760 632 900 675 altera
923 634 1075 675 decem
1106 633 1271 675 solidos
1304 634 1364 675 Et
1397 634 1450 675 de
1481 639 1600 675 terra
1631 630 1846 674 Iohannis
1878 631 2072 671 Vobster
2103 634 2232 665 Rothes
2253 633 2286 664 in
2304 634 2368 665 few

261 702 443 743 Iacente
479 700 524 741 in
566 700 610 755 ly
645 715 780 755 grene
817 700 932 742 inter
967 707 1132 744 terram
1170 701 1337 755 dominj
1372 701 1526 743 thome
1561 702 1723 743 andree
1764 698 1984 754 capellani
2019 713 2072 740 ex
2102 677 2334 751 gagnfnfzrsggns

259 775 384 824 parte
417 768 582 811 boreali
609 783 662 810 ex
685 783 773 811 vna
800 775 842 810 et
868 775 1032 811 terram
1059 770 1212 811 thome
1237 771 1417 812 vobster
1439 784 1491 811 ex
1513 775 1639 824 parte
1662 767 1848 811 australi
1871 766 2072 822 partibus
2102 763 2239 796 leuandi

259 852 311 879 ex
334 837 475 880 altera
507 843 698 891 quatuor
719 836 885 878 solidos
908 838 968 878 Et
992 838 1045 879 de
1071 844 1188 879 terra
1211 837 1345 879 dauid
1371 839 1460 879 dun
1488 852 1677 880 masoun
1702 838 1885 879 Iacente
1907 835 1951 877 in
1973 835 2071 877 vico
2102 848 2234 880 obtenit
2251 859 2271 879 x
2288 848 2321 879 in

262 905 459 947 Nauium
483 904 598 946 inter
619 910 783 947 terram
810 904 1026 946 Iohannis
1049 905 1184 947 ettale
1207 920 1260 946 ex
1281 912 1406 960 parte
1438 905 1622 948 australi
1652 920 1706 947 ex
1731 919 1819 946 vna
1841 910 1884 946 et
1906 910 2071 945 terram
2102 892 2216 968 ξὲῃῗῐ
2228 902 2307 933 pay-

259 971 421 1015 roberti
453 971 627 1026 gillespi
660 987 712 1013 ex
743 978 868 1026 parte
897 972 1062 1014 boreali
1094 973 1294 1027 partibus
1329 988 1380 1015 ex
1414 973 1554 1016 altera
1581 973 1739 1028 viginti
1768 974 1879 1015 duos
1908 972 2073 1015 solidos

260 1040 420 1083 Eciam
457 1041 510 1081 de
546 1054 633 1082 vna
674 1046 792 1082 terra
830 1041 1012 1082 Iacente
1054 1055 1107 1082 ex
1148 1048 1272 1095 parte
1309 1041 1474 1084 boreali
1510 1041 1595 1084 vici
1632 1041 1850 1083 inferioris
1886 1041 2073 1083 ecclesie

259 1109 375 1151 inter
395 1115 561 1150 terram
584 1109 809 1163 quondam
847 1108 1066 1151 Willelmi
1091 1109 1308 1152 Caleman
1334 1124 1386 1151 ex
1414 1116 1540 1164 parte
1572 1110 1837 1152 occidentali
1867 1124 1920 1151 ex
1948 1116 2073 1164 parte

258 1191 347 1220 vna
379 1182 422 1219 et
453 1183 618 1219 terram
650 1175 844 1231 fyndelai
878 1176 1053 1218 schefar
1074 1191 1127 1219 ex
1152 1183 1277 1231 parte
1299 1177 1503 1219 orientali
1526 1192 1579 1220 ex
1599 1184 1724 1232 parte
1747 1177 1887 1220 altera
1919 1178 2072 1220 decem

259 1244 424 1288 solidos
457 1245 518 1287 Et
557 1245 610 1287 de
648 1250 766 1287 terra
798 1245 1012 1287 heredum
1055 1247 1280 1300 quondam
1315 1245 1530 1288 Iohannis
1571 1260 1679 1301 gray
1722 1247 1903 1288 Iacente
1944 1245 1989 1287 in
2031 1246 2075 1300 ly

258 1318 454 1367 gastraw
484 1311 601 1354 inter
630 1318 796 1355 terram
830 1327 978 1355 meam
1020 1313 1243 1368 propriam
1277 1328 1330 1355 ex
1361 1320 1486 1368 parte
1523 1314 1708 1356 australi
1741 1329 1793 1356 ex
1829 1320 1956 1369 parte
1986 1329 2074 1356 vna

259 1388 302 1424 et
324 1388 490 1424 terram
513 1380 688 1436 galfridi
711 1382 870 1424 burnet
892 1396 946 1423 ex
967 1388 1094 1436 parte
1125 1381 1293 1424 boreali
1316 1389 1507 1437 quatuor
1532 1382 1697 1424 solidos
1721 1384 1780 1425 Et
1803 1383 1856 1424 de
1879 1383 2073 1437 quadam

259 1456 377 1493 terra
411 1464 510 1492 mea
541 1449 719 1504 propria
754 1450 937 1492 Iacente
969 1450 1014 1492 in
1056 1450 1324 1493 occidentali
1364 1450 1450 1493 vici
1491 1451 1716 1493 furcarum
1754 1451 1869 1493 inter
1909 1458 2074 1494 terram

258 1517 422 1562 roberti
455 1517 582 1572 quhit
614 1532 668 1560 ex
698 1524 824 1573 parte
851 1518 1037 1560 australi
1070 1533 1123 1561 ex
1154 1525 1281 1574 parte
1308 1533 1396 1561 vna
1429 1525 1472 1561 et
1504 1525 1670 1561 terram
1701 1518 1900 1574 symonis
1932 1534 2078 1573 cwper

260 1602 313 1630 ex
344 1593 471 1642 parte
508 1586 674 1629 boreali
711 1586 914 1641 partibus
945 1602 999 1629 ex
1030 1587 1172 1629 altera
1201 1587 1538 1642 quatuordecim
1577 1587 1743 1630 solidos
1781 1589 1842 1630 Et
1875 1589 1928 1630 de
1959 1594 2077 1630 terra

260 1656 486 1709 quondam
523 1654 728 1698 buchane
767 1656 950 1698 Iacente
983 1655 1027 1697 in
1061 1656 1228 1698 boreali
1265 1662 1391 1711 parte
1422 1655 1508 1698 vici
1546 1656 1681 1698 castri
1709 1656 1825 1699 inter
1861 1656 2073 1699 heredum

260 1724 485 1779 quondam
524 1723 708 1765 Roberti
741 1723 915 1779 angusij
955 1739 1008 1766 ex
1035 1731 1161 1779 parte
1198 1724 1402 1766 orientali
1445 1739 1498 1766 ex
1538 1731 1664 1779 parte
1705 1740 1793 1767 vna
1825 1731 1868 1767 et
1909 1732 2075 1768 terram

261 1794 355 1835 Ade
396 1793 643 1847 kymesoun
685 1806 738 1834 ex
785 1798 910 1847 parte
952 1792 1220 1835 occidentali
1271 1792 1474 1847 partibus
1515 1808 1568 1835 ex
1609 1793 1750 1836 altera
1793 1808 1870 1835 sex
1911 1793 2076 1835 solidos

263 1863 379 1903 Item
411 1861 464 1903 de
496 1866 615 1903 terra
649 1859 866 1902 Iohannis
899 1861 1081 1903 scherar
1104 1862 1287 1904 Iacente
1318 1861 1364 1903 in
1396 1861 1563 1904 boreali
1596 1868 1721 1917 parte
1757 1861 1844 1904 vici
1877 1861 2075 1904 eiusdem

261 1929 378 1971 inter
417 1935 582 1971 terram
624 1928 835 1983 nicholaij
875 1930 1053 1985 benyng
1093 1944 1146 1972 ex
1186 1936 1313 1984 parte
1354 1929 1621 1973 occidentali
1659 1945 1712 1973 ex
1747 1937 1874 1985 parte
1910 1945 1997 1973 vna
2034 1937 2077 1973 et

261 2004 427 2040 terram
451 1996 678 2040 alexandri
696 1997 870 2039 rolland
888 2013 941 2040 ex
958 2004 1083 2052 parte
1101 1997 1307 2040 orientali
1325 2013 1378 2040 ex
1395 2006 1522 2053 parte
1540 1999 1681 2041 altera
1700 1999 1894 2054 quinque
1912 1999 2078 2042 solidos

263 2068 452 2109 Necnon
484 2067 537 2108 de
568 2080 655 2108 vno
687 2066 826 2108 crofto
859 2068 976 2120 quod
1008 2067 1127 2121 hugo
1158 2067 1312 2109 flesser
1347 2073 1470 2109 tenet
1503 2082 1529 2110 a
1561 2082 1631 2110 me
1667 2069 1850 2110 Iacente
1885 2069 2003 2123 apud
2035 2068 2079 2123 ly

261 2134 573 2189 galowgethed
601 2133 717 2176 inter
745 2134 958 2177 heredum
990 2135 1207 2177 Iohannis
1235 2150 1363 2177 casse
1392 2150 1444 2178 ex
1472 2142 1599 2190 parte
1631 2137 1798 2179 boreali
1821 2144 1864 2179 et
1887 2138 2077 2180 croftum

264 2202 484 2246 Willelmi
511 2202 658 2244 fechet
685 2217 738 2244 ex
762 2209 888 2257 parte
912 2203 1098 2246 australi
1128 2218 1180 2245 ex
1208 2210 1334 2258 parte
1357 2204 1499 2247 altera
1522 2207 1788 2248 extendente
1812 2221 1838 2249 a
1863 2206 1934 2249 via
1956 2206 2078 2261 regia

262 2285 419 2313 uersus
450 2269 658 2313 occidens
680 2272 735 2313 ad
756 2271 876 2313 viam
900 2273 981 2314 sub
1008 2273 1118 2326 pede
1151 2272 1317 2314 montis
1350 2287 1437 2326 qua
1463 2273 1552 2315 itur
1576 2275 1631 2316 ad
1661 2275 1900 2317 cananiam
1922 2290 2079 2318 uersus
2108 2291 2244 2324 thomas

263 2338 410 2381 oriens
432 2338 730 2393 quadraginta
752 2339 958 2382 denarios
977 2342 1092 2382 Item
1115 2341 1168 2382 de
1190 2355 1276 2383 vno
1299 2342 1438 2384 crofto
1457 2343 1639 2385 Iacente
1662 2344 1743 2386 sub
1766 2344 1810 2399 ly
1832 2344 2078 2387 hedownis-
2108 2335 2373 2410 rrpvrrayintvse

265 2407 344 2448 hill
380 2407 497 2449 inter
532 2407 722 2449 croftum
760 2409 923 2450 andree
965 2423 1144 2451 menzes
1186 2424 1239 2451 ex
1280 2417 1406 2464 parte
1447 2411 1613 2454 boreali
1651 2427 1704 2454 ex
1739 2420 1865 2467 parte
1905 2428 1993 2456 vna
2035 2420 2078 2456 et
2107 2390 2128 2412 ⁰
2157 2389 2303 2421 paymen

263 2475 453 2518 croftum
485 2475 698 2518 heredum
732 2478 958 2531 quondam
994 2477 1207 2520 Richardi
1239 2478 1385 2520 fechet
1417 2479 1615 2523 vicatum
1648 2481 1692 2537 ly
1713 2482 1836 2524 fluris
1869 2498 1921 2525 ex
1952 2490 2079 2538 parte

266 2543 452 2585 australi
493 2558 546 2585 ex
586 2550 712 2599 parte
754 2545 896 2588 altera
937 2552 1028 2588 tres
1076 2546 1241 2588 solidos
1293 2547 1454 2590 Eciam
1501 2549 1554 2591 de
1601 2564 1688 2592 vno
1735 2551 1874 2594 crofto
1919 2559 2079 2594 vocato

263 2611 519 2667 halylandis
555 2627 656 2654 cum
693 2613 738 2668 ly
768 2613 1015 2656 Witlandis
1050 2615 1231 2657 Iacente
1265 2615 1381 2658 inter
1413 2616 1602 2659 croftum
1642 2618 1858 2661 Iohannis
1887 2619 2001 2661 mair
2028 2635 2080 2662 ex

263 2687 390 2736 parte
427 2680 613 2723 australi
645 2696 698 2724 ex
727 2696 816 2724 vna
853 2689 896 2725 et
934 2683 1123 2725 croftum
1161 2684 1324 2726 andree
1366 2699 1545 2727 menzes
1582 2701 1635 2728 ex
1670 2694 1796 2742 parte
1829 2688 1994 2730 boreali
2026 2703 2080 2731 ex
2107 2700 2165 2733 fol.
2180 2699 2241 2732 451

265 2757 390 2805 parte
422 2749 563 2792 altera
595 2751 843 2793 tresdecem
877 2751 1041 2794 solidos
1068 2758 1110 2794 et
1137 2759 1329 2806 quatuor
1359 2753 1565 2796 denarios
1599 2756 1714 2797 Item
1741 2757 1794 2798 de
1818 2770 1905 2798 vno
1938 2756 2078 2799 crofto

262 2826 422 2862 vocato
458 2819 503 2874 ly
541 2818 738 2861 Imlawis
769 2834 850 2875 ryg
883 2821 1065 2862 Iacente
1102 2820 1147 2862 in
1185 2820 1406 2863 territorio
1438 2821 1658 2865 dictorum
1692 2824 1931 2866 croftorum
1964 2823 2080 2866 inter

264 2889 454 2932 croftum
504 2887 720 2931 Iohannis
766 2888 880 2932 mair
923 2904 976 2932 ex
1018 2895 1144 2945 parte
1191 2889 1356 2932 boreali
1403 2905 1456 2932 ex
1502 2898 1628 2946 parte
1670 2906 1758 2937 vna
1801 2898 1844 2935 et
1888 2892 2078 2936 croftum
