2524 3418
773 335 992 377 Fundacio
1023 334 1222 391 Stephani
1251 335 1299 376 de
1330 335 1535 390 Balcronj
1970 344 2051 388 117

243 450 433 493 croftum
466 450 629 493 andree
661 450 831 492 ancroft
864 464 917 493 ex
948 457 1073 506 parte
1102 464 1155 492 ex
1186 456 1312 506 parte
1335 449 1427 504 [sic]
1451 449 1636 493 australi
1669 464 1722 491 ex
1754 456 1880 505 parte
1913 449 2054 491 altera

245 532 321 560 sex
355 518 520 560 solidos
553 524 596 560 et
631 524 732 561 octo
766 517 972 560 denarios
1010 519 1070 560 Et
1104 519 1156 560 de
1193 519 1276 560 Illo
1310 532 1449 572 paruo
1483 518 1622 560 crofto
1657 532 1757 560 meo
1793 519 1975 560 Iacente
2009 516 2054 557 in

243 586 465 629 territorio
507 586 746 629 croftorum
789 588 842 628 de
883 587 979 641 futy
1020 586 1136 628 inter
1176 601 1461 629 communem
1503 586 1723 628 venellem
1765 592 1972 628 vocatam
2014 585 2055 626 16

243 654 480 709 garvaehis
515 655 646 709 wynd
683 669 735 696 6)(
772 660 897 708 parte
939 654 1104 696 boreali
1143 670 1195 696 ex
1232 661 1356 709 parte
1393 669 1480 696 vna
1522 661 1565 696 et
1608 654 1799 696 croftum
1833 652 2051 706 Willelmj

246 724 420 764 stradee
443 737 496 763 ex
518 728 643 776 parte
672 722 856 764 australi
879 737 932 764 ex
954 729 1079 776 parte
1108 723 1248 764 altera
1275 724 1386 764 duos
1417 722 1582 764 solidos
1609 737 1687 777 pro
1721 721 2056 764 sustentacione

246 789 468 844 lampadis
490 796 532 831 et
555 789 743 831 aliorum
777 790 1130 832 necessariorum
1154 790 1273 832 dicto
1297 790 1426 832 altari
1460 789 1786 844 pertinencium
1820 788 2057 831 annuatim

247 860 308 900 Et
345 859 398 900 de
435 857 523 900 alia
560 863 677 899 terra
715 872 815 900 mea
853 859 1035 900 Iacente
1071 858 1116 899 in
1149 858 1248 900 vico
1284 859 1509 901 furcarum
1542 873 1595 901 ex
1627 858 1894 901 occidentali
1932 864 2058 912 parte

247 925 446 968 eiusdem
479 925 595 967 inter
624 930 789 967 terram
812 925 1032 968 Willelmi
1065 932 1183 980 smyt
1216 941 1269 968 ex
1301 933 1427 980 parte
1459 927 1625 969 boreali
1655 942 1708 969 ex
1739 933 1867 981 parte
1895 941 1983 968 vna
2015 932 2058 967 et

246 1000 410 1036 terram
443 993 656 1034 heredum
690 994 915 1046 quondam
948 993 1166 1048 Willelmj
1203 994 1341 1036 fichat
1374 1009 1426 1036 ex
1458 1001 1583 1049 parte
1620 995 1806 1037 australi
1844 1009 1897 1037 ex
1933 1000 2059 1049 parte

247 1061 387 1104 altera
421 1066 612 1115 quatuor
645 1060 811 1102 solidos
846 1062 906 1103 Et
940 1061 1049 1103 illud
1086 1061 1291 1116 superius
1324 1063 1468 1104 solum
1507 1077 1656 1105 meum
1691 1063 1735 1104 in
1770 1063 1857 1105 fine
1893 1062 2059 1105 boreali

246 1137 361 1172 terre
380 1143 477 1170 mee
495 1128 719 1171 antedicte
739 1130 922 1171 Iacente
939 1129 984 1171 in
1001 1129 1099 1171 vico
1116 1130 1341 1172 furcarum
1360 1145 1413 1172 ex
1430 1130 1696 1173 occidentali
1714 1138 1841 1186 parte
1859 1131 2058 1173 eiusdem

247 1198 363 1240 inter
393 1203 559 1239 terram
582 1198 808 1251 quondam
841 1197 1017 1252 angusij
1043 1198 1121 1239 filii
1143 1199 1238 1240 Ade
1261 1213 1315 1240 6)(
1337 1205 1462 1253 parte
1489 1199 1655 1241 boreali
1678 1214 1731 1241 ex
1753 1206 1879 1254 parte
1901 1214 1989 1242 vna
2016 1205 2059 1241 et

247 1268 360 1309 duas
380 1265 477 1308 vias
507 1265 653 1320 regias
675 1280 729 1307 ex
750 1266 951 1320 partibus
983 1265 1188 1308 orientali
1211 1272 1254 1308 et
1278 1267 1465 1309 australi
1488 1274 1531 1309 et
1553 1274 1718 1310 terram
1752 1283 1898 1310 meam
1932 1282 2060 1322 prop-

247 1335 358 1377 riam
381 1349 435 1376 6)(
456 1340 581 1389 parte
604 1333 870 1376 occidentali
902 1334 1104 1388 partibus
1127 1336 1181 1377 ab
1204 1335 1346 1383 altera
1369 1337 1424 1378 ad
1447 1350 1672 1378 cameram
1706 1336 1811 1391 dictj
1838 1337 2058 1391 capellanj

248 1403 321 1457 qui
350 1417 428 1457 pro
456 1408 657 1457 tempore
678 1402 809 1445 fuerit
842 1403 977 1446 libere
999 1418 1078 1459 pro
1100 1411 1315 1459 perpetuo
1346 1419 1659 1448 remansurum
1682 1405 1923 1448 Tenendos
1955 1406 2062 1449 hab-

248 1472 387 1514 endos
418 1476 461 1512 et
493 1470 802 1525 percipiendos
834 1486 990 1513 omnes
1022 1478 1065 1514 et
1098 1471 1298 1527 singulos
1335 1487 1510 1515 annuos
1546 1474 1747 1516 redditus
1784 1474 2064 1529 supradictos

249 1554 351 1582 cum
383 1538 672 1594 pertinenciis
703 1545 746 1582 et
779 1539 924 1582 solum
958 1540 1235 1583 antedictum
1268 1541 1453 1595 prefatis
1485 1541 1616 1584 altari
1649 1549 1692 1585 et
1725 1543 1958 1597 capellano
1991 1543 2064 1597 qui

249 1607 380 1650 fuerit
411 1621 491 1662 pro
522 1613 723 1662 tempore
755 1622 858 1650 cum
891 1608 1012 1650 omni
1041 1609 1143 1651 Iure
1169 1615 1212 1651 et
1237 1609 1371 1651 rectis
1400 1609 1516 1651 Iuris
1538 1625 1564 1652 a
1590 1625 1661 1652 me
1684 1616 1727 1652 et
1751 1610 1988 1653 heredibus
2020 1617 2063 1653 et

250 1676 362 1719 meis
385 1675 628 1730 assignatis
645 1676 690 1718 in
706 1676 835 1719 feodo
853 1683 896 1719 et
914 1677 1163 1719 hereditate
1188 1679 1526 1732 Imperpetuum
1549 1678 1684 1721 libere
1702 1679 1849 1733 quiete
1867 1679 2064 1734 plenarie

250 1745 421 1799 integre
453 1744 696 1787 honorifice
727 1745 839 1788 bene
861 1751 904 1787 et
927 1744 973 1787 in
995 1760 1106 1799 pace
1128 1760 1231 1788 cum
1264 1746 1472 1789 omnibus
1494 1753 1537 1789 et
1561 1747 1749 1802 singulis
1782 1748 2066 1791 libertatibus

251 1812 648 1856 commoditatibus
679 1819 722 1855 et
755 1813 1019 1856 asiamentis
1041 1829 1093 1857 ac
1118 1814 1257 1857 Iustis
1287 1814 1379 1857 suis
1408 1815 1696 1870 pertinenciis
1726 1815 2065 1871 quibuscunque

251 1883 308 1925 ad
336 1881 479 1924 dictos
511 1895 685 1924 annuos
716 1881 917 1924 redditus
945 1888 989 1924 et
1019 1882 1164 1925 solum
1195 1897 1297 1925 cum
1327 1883 1616 1938 pertinenciis
1645 1884 1956 1939 spectantibus
1988 1899 2066 1927 seu

254 1951 378 1992 Iuste
410 1955 614 2004 spectare
635 1949 889 1992 valentibus
921 1951 1254 2005 quomodolibet
1277 1951 1322 1993 in
1343 1952 1543 1994 futurum
1577 1952 1672 1996 sine
1705 1953 1856 2007 aliqua
1886 1968 2066 1996 reuoca-

252 2019 378 2061 cione
414 2017 740 2060 reclamacione
772 2024 849 2061 aut
882 2019 1241 2062 contradiccione
1271 2020 1359 2062 mei
1387 2021 1457 2062 vel
1489 2021 1704 2064 heredum
1735 2036 1935 2064 meorum
1969 2037 2066 2064 suc-

251 2101 480 2130 cessorum
493 2086 563 2129 vel
581 2086 913 2141 assignatorum
931 2093 1186 2130 nostrorum
1204 2095 1280 2131 aut
1298 2089 1488 2131 aliorum
1503 2103 1871 2145 quorumcunque
1886 2091 2066 2133 nomine

252 2162 405 2197 nostro
436 2154 505 2197 vel
538 2169 592 2196 ex
624 2160 750 2209 parte
787 2155 889 2197 inde
925 2155 1141 2199 faciendis
1173 2157 1543 2212 qualitercunque
1582 2158 1627 2200 in
1667 2159 1867 2201 futurum
1905 2160 2067 2202 FACI-

254 2224 431 2266 ENDO
471 2223 583 2265 Inde
620 2222 855 2266 annuatim
892 2223 1039 2266 dictus
1076 2224 1336 2279 capellanus
1373 2226 1447 2280 qui
1489 2240 1568 2281 pro
1604 2232 1806 2281 tempore
1840 2227 1972 2270 fuerit
2009 2228 2065 2270 ad

253 2293 423 2335 dictum
455 2292 596 2335 altare
628 2292 773 2335 sancti
806 2293 1013 2347 stephanj
1048 2293 1092 2335 in
1125 2293 1315 2337 ecclesia
1347 2295 1576 2338 antedicta
1611 2295 1850 2338 seruicium
1885 2296 2066 2339 ecclesi-

255 2361 446 2404 asticum
468 2367 511 2403 et
534 2361 794 2403 oracionum
818 2362 1029 2416 suffragia
1052 2363 1316 2405 deuotarum
1345 2364 1461 2405 Item
1483 2364 1584 2406 volo
1607 2370 1650 2406 et
1673 2366 1870 2408 concedo
1892 2379 1971 2420 pro
1994 2380 2065 2407 me

254 2437 298 2472 et
320 2429 557 2473 heredibus
579 2429 691 2472 meis
713 2436 756 2472 et
779 2430 945 2473 nostris
967 2430 1209 2486 assignatis
1231 2432 1348 2485 quod
1371 2432 1517 2475 dietus
1542 2432 1802 2488 capellanus
1824 2440 2066 2488 perpetuus

255 2505 298 2541 et
322 2498 390 2540 sui
421 2513 702 2541 successores
733 2499 907 2554 decentj
933 2506 976 2542 et
998 2499 1188 2542 honesto
1219 2500 1376 2543 habitu
1402 2500 1523 2543 horis
1555 2501 1799 2545 maioribus
1830 2502 2067 2545 dominicis

256 2567 412 2609 diebus
447 2567 573 2609 festis
610 2567 862 2622 duplicibus
901 2569 1033 2610 quta
1070 2569 1252 2611 modum
1291 2568 1408 2611 dicte
1441 2569 1629 2612 ecclesie
1660 2569 1932 2624 parochialis
1963 2585 2065 2613 cum

257 2635 416 2678 ceteris
448 2635 693 2690 capellanis
725 2636 925 2679 eiusdem
956 2643 1167 2680 tenentur
1192 2638 1486 2693 personaliter
1517 2638 1732 2681 interesse
1754 2638 1954 2681 Tantum
1987 2653 2066 2693 pro

257 2704 378 2747 omni
408 2704 494 2747 alio
523 2704 711 2747 seruicio
743 2705 933 2748 seculari
956 2706 1187 2748 exactione
1210 2706 1279 2748 vel
1303 2707 1525 2749 demanda
1549 2722 1632 2762 que
1662 2708 1715 2749 de
1744 2707 1876 2750 dietis
1905 2707 2066 2749 annuis

256 2773 502 2816 redditibus
543 2779 586 2815 et
628 2788 806 2816 camera
851 2789 954 2816 cum
997 2775 1284 2829 pertinenciis
1326 2775 1580 2829 aliqualiter
1625 2775 1738 2831 exigj
1783 2775 1944 2831 poterit
1988 2782 2064 2818 aut

256 2842 417 2897 requirj
454 2843 555 2884 Iure
576 2856 680 2884 vero
701 2849 968 2897 patronatus
991 2843 1108 2885 dicte
1140 2843 1387 2898 capellanie
1415 2843 1609 2886 Ricardo
1632 2844 1722 2885 filio
1755 2858 1854 2885 meo
1877 2850 1920 2885 et
1942 2843 2065 2885 here-

258 2912 387 2958 dibus
420 2910 512 2958 suis
543 2916 587 2953 et
620 2910 712 2953 suis
745 2912 1078 2955 successoribus
1109 2927 1187 2968 pro
1219 2918 1432 2969 perpetuo
1463 2927 1725 2955 remansuro
1750 2913 1809 2954 Et
1834 2912 1870 2954 si
1893 2912 2064 2955 contin-

2095 2447 2153 2479 fol.
2171 2446 2233 2479 481
