2524 3418
654 316 868 357 Fundano
898 316 1045 358 altaris
1079 316 1226 358 Sancti
1256 317 1422 358 Andree
1452 317 1642 373 Apostoli
2005 335 2059 376 93

253 436 378 486 parte
415 429 681 473 occidentali
719 430 920 485 partibus
957 432 1012 474 ab
1049 431 1190 474 altera
1230 446 1367 474 vnum
1409 446 1608 475 annuum
1646 433 1867 476 redditum
1903 435 2062 490 viginti

255 500 497 542 solidorum
530 501 583 542 de
616 502 809 554 quadarn
841 507 961 543 terra
997 502 1176 544 Iacente
1201 502 1253 543 In
1275 501 1373 544 vico
1400 502 1584 545 nauium
1618 518 1670 545 ex
1701 510 1827 558 parte
1859 505 2063 548 orientali

253 569 452 612 eiusdem
485 569 600 611 inter
630 576 795 612 terram
819 585 903 625 que
928 570 1010 613 fuit
1044 573 1267 625 quondam
1303 572 1518 614 Iohannis
1552 573 1800 629 champane
1823 589 1875 616 ex
1898 576 2062 618 boreali

254 646 379 695 parte
411 646 454 683 et
486 646 651 683 terram
685 642 908 694 quondam
943 642 1116 697 galfridj
1159 643 1368 686 Ranfrew
1396 643 1605 687 aurifabri
1637 659 1690 687 ex
1721 651 1846 700 parte
1878 647 2063 690 australi

253 724 390 752 vnum
409 724 607 753 annuum
625 710 847 753 redditum
871 718 1062 766 quatuor
1079 712 1322 755 solidorum
1345 715 1398 756 de
1417 716 1608 768 quadam
1624 721 1742 759 terra
1758 731 1858 760 mea
1882 718 2064 761 Iacente

255 779 299 822 in
331 780 430 823 vico
461 781 515 822 de
536 780 632 835 suty
653 780 769 823 inter
789 787 953 824 terram
987 782 1186 837 symonis
1208 784 1363 839 blabyr
1388 799 1440 826 ex
1466 791 1591 840 parte
1614 786 1779 829 boreali
1801 793 1844 829 et
1867 801 2065 831 commu-

255 863 358 892 nem
389 850 611 893 venellam
634 865 687 892 ex
708 857 833 905 parte
856 852 1041 894 australi
1064 859 1107 894 et
1130 854 1183 895 de
1206 855 1378 896 duabus
1407 855 1636 909 perticatis
1666 862 1782 899 terre
1810 857 2067 901 Iacentibus

255 920 301 962 in
332 920 555 963 territorio
588 921 828 964 croftorum
859 922 1057 965 eiusdem
1085 923 1212 978 burgi
1244 939 1296 966 6)(
1327 931 1452 979 parte
1478 926 1683 969 orientali
1714 927 1783 970 vie
1816 929 2067 972 communis

255 1003 342 1044 qua
364 989 453 1032 itur
472 1005 627 1032 versus
659 991 895 1033 ecclesiam
929 992 1231 1035 cathedralem
1255 993 1595 1038 abirdonensem
1627 1003 1757 1051 prout
1791 1012 1837 1040 se
1869 999 2066 1042 extendit

255 1074 281 1102 a
310 1059 430 1102 dicta
454 1059 526 1103 via
557 1075 712 1103 versus
735 1061 943 1104 occidens
965 1064 1020 1105 ad
1043 1063 1082 1104 le
1105 1063 1372 1117 galowhillis
1393 1080 1548 1108 versus
1570 1066 1715 1109 oriens
1742 1067 1858 1111 inter
1878 1070 2067 1112 croftum

257 1130 449 1174 Walteri
480 1131 731 1173 vmfrasene
753 1146 806 1173 ex
828 1138 953 1187 parte
986 1133 1152 1175 boreali
1176 1147 1228 1175 ex
1249 1148 1336 1176 vna
1363 1140 1406 1176 et
1434 1135 1622 1177 croftum
1654 1137 1840 1179 fratrum
1873 1138 2069 1193 predica-

255 1206 403 1243 torum
431 1200 629 1243 eiusdem
657 1201 782 1256 burgi
806 1216 859 1243 6)(
880 1209 1005 1257 parte
1028 1203 1214 1245 australi
1236 1203 1438 1257 partibus
1461 1205 1515 1247 ab
1538 1205 1678 1248 altera
1705 1221 1842 1249 vnum
1869 1222 2068 1251 annuum

256 1269 479 1312 redditum
507 1284 583 1312 sex
609 1270 851 1312 solidorum
879 1272 932 1313 de
959 1272 1152 1325 quadam
1182 1279 1299 1314 terra
1333 1274 1514 1315 Iacente
1545 1273 1658 1317 infra
1684 1275 1852 1318 dictum
1880 1278 2068 1333 burgum

257 1338 302 1380 in
325 1339 369 1395 ly
390 1353 489 1381 new
510 1354 602 1382 raw
628 1339 713 1382 vici
741 1340 966 1382 furcarum
999 1341 1115 1383 inter
1145 1348 1310 1384 terram
1334 1343 1497 1385 andree
1520 1343 1662 1385 maior
1683 1359 1735 1386 ex
1757 1352 1881 1400 parte
1904 1347 2069 1390 boreali

257 1422 310 1450 ex
340 1422 428 1451 vna
454 1414 497 1451 et
525 1415 690 1452 terram
724 1409 892 1452 domini
923 1411 1097 1453 Andree
1130 1411 1209 1453 filii
1240 1412 1456 1455 Iohannis
1487 1414 1734 1457 andersone
1767 1417 1985 1471 capellani
2018 1433 2070 1460 ex

257 1484 382 1533 parte
419 1479 605 1522 australi
641 1479 843 1534 partibus
879 1495 932 1523 ex
968 1481 1109 1524 altera
1150 1482 1384 1524 duodecim
1423 1483 1589 1526 solidos
1623 1485 1759 1528 annui
1795 1487 1995 1530 redditus
2027 1495 2069 1531 et

256 1564 393 1592 vnum
436 1564 635 1593 annuum
676 1551 899 1594 redditum
940 1551 1125 1607 triginta
1162 1553 1356 1608 quinque
1398 1554 1640 1597 solidorum
1681 1556 1850 1599 vsualis
1891 1565 2069 1602 monete

257 1620 396 1663 scotie
418 1620 659 1664 leuandum
678 1622 911 1665 annuatim
935 1623 988 1665 de
1011 1622 1123 1665 meis
1140 1630 1241 1666 octo
1258 1623 1402 1666 decim
1422 1625 1652 1680 perticatis
1672 1632 1788 1669 terre
1812 1628 2069 1671 Iacentibus

257 1690 302 1733 in
323 1690 545 1734 territorio
567 1691 694 1747 burgi
716 1693 769 1735 de
793 1692 954 1735 Kintor
974 1694 1192 1736 tenendos
1215 1700 1258 1737 et
1280 1694 1510 1738 habendos
1532 1702 1575 1738 et
1597 1696 1889 1752 percipendos
1911 1713 2068 1742 omnes

258 1767 301 1804 et
324 1760 525 1817 singulos
547 1776 720 1806 annuos
741 1762 943 1806 redditus
966 1778 1100 1819 supra
1122 1764 1266 1807 dictos
1292 1779 1395 1808 cum
1428 1765 1718 1820 pertinenciis
1742 1767 1914 1823 prefato
1937 1769 2066 1812 altari

258 1831 378 1876 beati
401 1833 563 1876 andree
585 1833 777 1888 apostoli
809 1840 853 1877 et
886 1834 1118 1890 capellano
1150 1834 1314 1878 ibidem
1347 1835 1500 1879 diuina
1532 1836 1766 1880 celibranti
1798 1843 1840 1881 et
1872 1853 1950 1894 pro
1973 1853 2068 1894 per-

258 1908 394 1958 petuo
417 1903 683 1946 celibraturo
718 1905 771 1946 In
803 1918 962 1960 puram
995 1904 1277 1948 elimosinam
1310 1905 1640 1961 imperpetuum
1667 1922 1768 1950 cum
1796 1907 2004 1952 omnibus
2026 1915 2069 1951 et

259 1972 448 2028 singulis
478 1973 760 2017 libertatibus
793 1974 1140 2019 comoditatibus
1172 1981 1215 2018 et
1243 1974 1506 2019 asiamentis
1538 1991 1590 2019 ac
1624 1977 1763 2020 Iustis
1784 1977 2072 2033 pertinenciis

259 2043 598 2099 quibuscunque
625 2045 681 2087 ad
713 2044 856 2087 dictos
889 2060 1063 2088 annuos
1084 2045 1283 2088 redditus
1310 2060 1412 2088 cum
1445 2046 1733 2101 pertinenciis
1765 2047 2073 2102 spectantibus

259 2129 338 2156 seu
360 2113 476 2156 iuste
498 2121 701 2170 spectare
721 2115 975 2159 valentibus
993 2116 1324 2170 quomodolibet
1347 2116 1391 2158 in
1413 2117 1611 2160 futurum
1635 2118 1746 2160 adeo
1768 2117 1903 2160 libere
1926 2117 2074 2173 quiete

259 2183 456 2239 plenarie
489 2184 661 2240 integre
694 2185 937 2228 honorifice
971 2192 1014 2228 et
1047 2186 1092 2228 in
1126 2201 1236 2241 pace
1270 2185 1315 2228 in
1349 2186 1557 2230 omnibus
1591 2193 1634 2229 et
1670 2202 1748 2242 per
1780 2187 1931 2230 omnia
1960 2187 2074 2230 sicut

260 2253 410 2309 aliqua
444 2255 679 2298 elimosina
710 2256 804 2299 dari
836 2256 999 2311 poterit
1032 2256 1101 2299 vel
1136 2257 1319 2300 concedi
1353 2257 1583 2301 faciendus
1617 2258 1719 2301 inde
1751 2257 1897 2301 dictus
1931 2258 2075 2313 capel-

260 2324 391 2368 lanus
422 2326 497 2381 qui
529 2341 608 2381 pro
639 2333 840 2382 tempore
861 2326 991 2370 fuerit
1018 2342 1096 2383 pro
1119 2327 1354 2371 animabus
1386 2328 1552 2371 nostris
1583 2328 1794 2384 predictis
1816 2327 2074 2371 oracionum

261 2396 471 2451 suffragia
505 2397 768 2440 deuotarum
802 2403 980 2440 tantum
1013 2412 1091 2453 pro
1126 2397 1247 2440 omni
1280 2398 1366 2441 alio
1404 2398 1592 2441 seruicio
1625 2398 1813 2442 seculari
1845 2398 2076 2441 exactione

261 2465 333 2508 uel
379 2466 600 2509 demanda
649 2481 734 2521 que
784 2468 837 2510 de
885 2466 1096 2522 predictis
1139 2467 1300 2510 annuis
1347 2467 1592 2511 redditibus
1642 2482 1743 2511 cum
1789 2467 2077 2523 pertinenciis

263 2534 515 2590 aliqualiter
560 2535 675 2591 exigi
721 2536 884 2592 poterit
931 2543 1007 2580 aut
1049 2536 1211 2592 requiri
1255 2538 1315 2579 Et
1357 2552 1439 2592 ego
1479 2551 1584 2580 vero
1626 2538 1825 2593 prefatus
1865 2538 2076 2580 recardus

262 2606 449 2648 heredes
477 2606 562 2661 mej
593 2613 636 2649 et
668 2607 753 2662 mej
783 2606 1001 2662 assignati
1031 2622 1187 2651 omnes
1219 2614 1261 2650 et
1294 2608 1494 2663 singulos
1519 2622 1694 2651 annuos
1719 2607 1918 2651 redditus
1944 2622 2077 2663 super

261 2675 484 2732 predictos
536 2690 638 2719 curn
688 2676 976 2732 pertinenciis
1027 2684 1183 2721 contra
1228 2692 1385 2720 omnes
1437 2678 1650 2721 mortales
1696 2676 2076 2721 varantizabimus

263 2745 592 2801 aquietabimus
628 2752 671 2789 et
705 2747 1035 2803 imperpetuum
1074 2748 1364 2791 defendemus
1399 2749 1500 2791 Iure
1537 2763 1640 2791 vero
1674 2747 1960 2803 presentandj
1997 2761 2075 2790 seu

261 2823 526 2872 patronatus
563 2817 679 2860 dicte
716 2818 962 2873 capellanie
999 2818 1136 2861 michi
1170 2825 1213 2861 et
1248 2818 1436 2862 mariote
1469 2834 1630 2875 sponse
1653 2833 1751 2862 mee
1782 2823 2074 2872 nostrumque

262 2886 429 2930 diutius
456 2886 625 2929 viuenti
654 2893 697 2930 et
726 2895 827 2943 post
857 2888 1027 2932 obitum
1060 2895 1262 2938 nostrum
1297 2889 1528 2932 carissimo
1557 2887 1889 2944 consanguineo
1921 2893 2073 2930 nostro

260 2958 423 3000 andree
473 2958 702 3001 ruderfurd
754 2965 796 3001 et
847 2960 1084 3002 heredibus
1136 2960 1227 3002 suis
1273 2967 1501 3004 reseruato
1547 2968 1590 3004 et
1637 2961 1763 3004 saluo
1813 2964 2073 3005 remanente

2098 1848 2156 1881 fol.
2171 1849 2210 1884 37
2221 1848 2234 1868 ²
