2524 3418
197 2703 254 2735 sol.
271 2705 310 2736 26
322 2702 333 2723 ¹

498 282 550 322 62
852 279 1024 320 chtalc
1056 277 1287 318 reddituum
1317 275 1462 316 altaris
1495 276 1602 316 beate
1634 274 1762 315 marie
1799 273 1986 329 Virginis

617 397 730 437 Item
769 396 821 436 de
858 400 975 434 terra
1011 406 1094 445 que
1131 390 1210 432 fuit
1248 391 1471 443 quondam
1505 390 1586 430 ade
1620 390 1673 430 de
1708 388 1830 430 bedis
1866 402 1999 441 quam
2032 387 2149 430 nnnc
2182 393 2303 429 tenet

501 464 740 506 vilhelmus
771 465 824 505 de
857 461 1013 505 Contis
1046 461 1160 501 inter
1191 467 1353 501 terram
1387 460 1611 512 quondam
1643 457 1841 499 vilhelmi
1874 458 1926 498 de
1956 458 2130 499 stradee
2150 471 2304 499 versus

497 534 644 576 oriens
665 542 708 575 et
731 542 820 575 tres
842 532 936 574 vias
958 530 1158 585 publicas
1179 543 1332 570 versus
1358 536 1558 570 austrum
1582 527 1789 569 occidens
1812 534 1854 568 et
1878 528 2056 569 boream
2179 526 2252 580 viij
2274 528 2300 568 d

616 605 729 645 Item
768 604 820 644 de
852 610 968 643 terra
1000 599 1244 642 allexandri
1277 600 1526 641 andersoun
1560 606 1602 640 et
1635 599 1689 640 de
1720 606 1837 640 terra
1866 598 2018 639 thome
2051 598 2302 641 andersoun

500 675 679 716 Iacente
702 673 817 714 inter
845 679 1007 713 terram
1031 671 1255 724 quondam
1280 669 1431 712 mathe
1457 668 1593 710 ettale
1616 681 1749 722 quam
1773 681 1890 709 nunc
1922 674 2044 709 tenet
2079 665 2304 709 Iohannes

499 751 654 798 sprunt
677 758 729 785 ex
751 748 875 796 parte
899 740 1082 794 australj
1111 754 1164 782 ex
1185 753 1272 782 vna
1303 746 1346 781 et
1378 738 1588 780 vinellam
1622 753 1705 792 que
1733 737 1853 792 jacet
1886 752 1938 778 ex
1969 743 2094 791 parte
2116 736 2299 791 australj

498 812 700 866 cimiterij
726 810 911 854 ecclesie
935 809 1051 853 beati
1074 809 1267 851 nicholai
1291 823 1343 850 ex
1365 814 1489 863 parte
1511 807 1665 851 boriali
1688 807 1888 862 partibus
1910 808 1964 849 ab
1996 807 2137 849 altera

1835 876 1879 931 iij
1905 875 2069 918 solidos
2091 882 2134 918 et
2157 875 2252 917 iiii⁰r
2275 877 2302 918 d

614 953 727 993 Item
761 952 814 993 de
847 956 965 992 terra
993 963 1077 1004 que
1106 947 1187 990 fuit
1220 949 1444 1003 quondam
1476 946 1675 989 vilhelmi
1708 946 1888 988 scherar
1919 961 2052 1000 quam
2075 945 2300 988 assedauit

497 1023 551 1065 ad
583 1022 888 1064 feodofirmam
921 1019 1102 1062 domino
1133 1019 1390 1061 allexandro
1422 1019 1474 1060 de
1510 1019 1681 1072 Irwyne
1713 1016 1892 1058 domino
1924 1018 1977 1058 de
2009 1017 2137 1058 drum
2170 1015 2299 1070 militj

496 1099 539 1134 et
562 1093 750 1134 caudam
773 1090 972 1132 eiusdem
993 1088 1205 1130 vilhelmo
1223 1089 1401 1130 baxster
1419 1089 1599 1129 Iacente
1618 1086 1732 1128 inter
1745 1092 1909 1128 terram
1928 1085 2085 1140 prefati
2101 1085 2301 1128 vilhelmi

496 1162 676 1204 scherar
707 1175 759 1202 ex
791 1166 915 1215 parte
938 1158 1140 1201 orientali
1164 1173 1217 1200 ex
1237 1172 1324 1200 vna
1353 1164 1395 1199 et
1429 1170 1711 1199 communem
1743 1155 1952 1197 vinellam
1986 1170 2069 1209 que
2097 1155 2217 1209 jacet
2249 1169 2302 1197 ex

496 1238 620 1286 parte
643 1230 844 1285 orientalj
870 1229 1073 1283 cimiterij
1099 1227 1285 1270 ecclesie
1307 1227 1425 1270 beati
1448 1227 1607 1281 nicolaj
1634 1241 1686 1268 ex
1707 1232 1832 1280 parte
1854 1224 2118 1279 occidentalj

2015 1293 2114 1336 iiii0r
2135 1293 2300 1336 solidos

611 1372 726 1413 Item
769 1371 821 1412 de
862 1375 979 1412 terra
1020 1366 1222 1422 magistri
1274 1367 1426 1408 thome
1477 1366 1660 1408 chamer
1710 1364 1851 1406 curati
1893 1365 1946 1406 de
1988 1365 2206 1406 aberdene
2247 1365 2301 1406 de

495 1457 611 1484 nouo
633 1439 876 1483 constructi
907 1441 1088 1481 Iacente
1111 1445 1234 1480 extra
1256 1444 1429 1491 portam
1452 1436 1535 1490 vicj
1560 1436 1782 1478 furcarum
1807 1450 1859 1476 ex
1881 1433 2144 1476 occidentali
2176 1439 2302 1488 parte

492 1511 577 1554 vici
599 1511 704 1566 regij
728 1518 822 1553 tam
855 1511 908 1552 de
940 1508 1144 1551 domibus
1166 1521 1300 1563 quam
1329 1508 1383 1549 de
1412 1506 1563 1549 croftis
1593 1521 1620 1547 v
1638 1520 1658 1547 s
1687 1505 1788 1548 inde
1822 1510 2162 1560 augmentatum
2194 1503 2251 1558 xij
2272 1504 2299 1546 d

494 1588 536 1625 et
559 1597 636 1637 per
657 1582 847 1624 eundem
870 1586 1073 1623 curatum

1218 1637 1245 1678 I
1246 1651 1274 1678 n
1294 1636 1382 1678 vico
1402 1635 1577 1678 nauium

610 1720 679 1762 De
700 1725 816 1761 terra
839 1732 972 1773 quam
995 1721 1114 1759 nunc
1136 1722 1325 1771 occupat
1347 1716 1528 1758 thomas
1549 1715 1743 1758 branche
1767 1716 1948 1756 Iacente
1965 1728 2018 1756 ex
2035 1713 2298 1768 occidentalj

494 1796 619 1844 parte
641 1789 839 1832 eiusdem
861 1788 944 1843 vicj
970 1788 1086 1830 inter
1106 1795 1271 1830 terram
1300 1787 1482 1841 Robertj
1508 1782 1663 1840 sprunt
1693 1799 1746 1827 ex
1777 1791 1902 1839 parte
1934 1784 2099 1826 boreali
2130 1798 2184 1826 ex
2212 1797 2301 1826 vna

493 1865 536 1901 et
558 1865 722 1901 terram
744 1859 897 1901 thome
920 1857 1164 1913 blyndseile
1182 1872 1234 1899 ex
1250 1863 1375 1911 parte
1394 1855 1578 1910 australj
1599 1854 1799 1910 partibus
1816 1855 1870 1896 ab
1888 1853 2028 1896 altera
2086 1868 2114 1895 v
2135 1852 2300 1896 solidos

610 1930 724 1970 Item
761 1929 815 1970 de
850 1935 967 1970 terra
1001 1927 1216 1969 Iohannis
1253 1927 1405 1980 stokar
1435 1928 1615 1968 Iacente
1652 1925 1697 1966 in
1732 1924 1830 1966 vico
1867 1923 2079 1980 superiorj
2113 1923 2299 1965 ecclesie

492 1998 607 2041 inter
627 2005 791 2041 terram
815 1999 897 2040 ade
920 1998 1065 2039 litster
1086 2012 1139 2039 ex
1160 2011 1247 2039 vna
1269 2003 1312 2039 et
1335 2003 1499 2038 terram
1524 1994 1739 2037 Iohannis
1762 1995 1929 2037 Catnes
1951 2008 2004 2035 ex
2025 1993 2166 2036 altera

2082 2077 2110 2104 x
2131 2062 2297 2105 solidos

608 2140 723 2181 Item
746 2140 799 2181 de
820 2137 950 2181 terris
972 2137 1170 2180 eiusdem
1196 2136 1411 2179 Iohannis
1440 2136 1592 2178 stokar
1614 2134 1658 2177 in
1681 2135 1724 2190 ly
1746 2147 1880 2189 grene
1902 2139 2025 2176 extra
2046 2138 2228 2188 pontem

2083 2217 2110 2244 x
2132 2202 2297 2245 solidos

608 2280 723 2321 Item
746 2280 799 2320 de
821 2285 938 2320 terra
960 2278 1184 2333 quondam
1217 2276 1389 2331 galfridj
1415 2277 1575 2318 burnat
1607 2274 1651 2316 in
1683 2274 1723 2316 le
1745 2279 1964 2328 gastrawe
1985 2271 2101 2314 inter
2129 2278 2294 2314 terram

493 2347 708 2390 Iohannis
731 2347 912 2402 Robertj
937 2362 990 2389 ex
1010 2361 1098 2389 vna
1119 2353 1162 2389 et
1184 2353 1349 2388 terram
1373 2343 1588 2387 Iohannis
1609 2358 1717 2398 gray
2046 2341 2106 2396 iiij
2132 2341 2298 2384 solidos

608 2419 723 2460 Item
746 2419 800 2460 de
821 2423 938 2460 terra
959 2418 1122 2460 andree
1151 2416 1349 2471 balhuny
1370 2429 1503 2471 quam
1535 2427 1653 2456 nunc
1685 2412 1819 2456 habet
1854 2411 2078 2453 Iohannes
2109 2425 2298 2466 gregory

491 2485 536 2528 in
558 2486 599 2528 le
619 2500 755 2542 grene
2077 2479 2106 2535 ij
2131 2479 2297 2523 solidos

608 2558 723 2599 Item
765 2557 819 2599 de
858 2562 975 2599 terra
1016 2557 1240 2611 quondam
1288 2554 1513 2597 Iohannes
1563 2551 1845 2595 crukschank
1893 2552 2074 2594 Iacente
2113 2549 2158 2592 in
2198 2550 2296 2593 vico

491 2625 682 2680 inferiorj
707 2625 894 2668 ecclesie
2048 2618 2106 2674 vij
2131 2618 2297 2661 solidos

607 2699 723 2739 Item
755 2697 808 2739 de
839 2703 957 2738 terra
989 2697 1214 2751 quondam
1248 2693 1464 2738 Iohannis
1495 2698 1651 2748 sprunt
1685 2693 1866 2734 Iacente
1897 2689 1942 2732 in
1973 2689 2071 2732 vico
2102 2687 2296 2732 inferiori

491 2766 677 2808 ecclesie
709 2765 825 2808 inter
854 2772 1019 2808 terram
1052 2766 1277 2819 quondam
1315 2763 1489 2807 dauidis
1525 2762 1717 2817 gethane
1754 2775 1806 2803 ex
1842 2766 1966 2815 parte
2003 2758 2207 2802 orientali
2244 2773 2297 2801 ex

491 2850 578 2877 vna
628 2842 670 2877 et
721 2842 885 2877 terram
937 2836 1162 2889 quondam
1215 2835 1378 2877 andree
1434 2846 1623 2887 cumyne
1675 2829 1877 2873 scissoris
1927 2844 1980 2872 ex
2029 2827 2294 2883 occidentalj

492 2905 692 2959 partibus
714 2906 768 2946 ab
791 2905 931 2946 altera
1981 2898 2025 2954 iij
2046 2914 2068 2941 s
2089 2904 2132 2941 et
2153 2897 2252 2953 iiij⁰¹
2268 2898 2295 2940 d
