2524 3418
893 340 1024 382 Carta
1054 337 1255 380 Iohannis
1288 337 1382 378 blak
1965 346 2044 387 147

237 456 362 500 nauit
383 458 449 499 Ac
480 461 626 499 totum
664 458 741 499 Ius
773 461 816 497 et
849 454 1070 497 clameum
1104 451 1420 508 proprietatem
1455 456 1497 492 et
1531 448 1859 504 possessionem
1887 463 1971 504 que
2004 455 2046 490 et

237 541 349 582 quas
380 527 514 570 habet
546 525 702 569 habuit
736 531 812 568 aut
844 525 1007 568 habere
1039 523 1183 578 potuit
1217 522 1261 564 in
1285 527 1328 564 et
1352 521 1407 563 ad
1433 517 1689 562 huiusmodi
1722 531 1920 561 annuum
1953 519 2046 559 red-

236 596 379 639 ditum
402 595 650 639 octodecim
683 594 925 639 solidorum
949 608 1050 636 cum
1085 589 1372 647 pertinenciis
1404 588 1587 632 omnino
1609 587 1809 643 quietum
1833 586 2047 629 clamauit

238 668 574 722 Imperpetuum
608 667 675 709 Ad
708 666 904 708 dandum
942 662 1140 706 sasinam
1173 668 1216 704 et
1248 658 1578 716 possessionem
1610 656 1903 700 hereditarias
1934 656 2047 699 eius-

236 737 337 779 dem
375 735 619 792 capellanis
661 734 783 778 chori
829 733 1016 778 ecclesie
1057 731 1328 788 parochialis
1365 730 1454 785 diuj
1499 728 1708 783 nicholaij
1747 729 1801 771 de
1838 726 2048 771 abirdene

236 807 377 849 donec
419 813 462 849 et
499 819 729 861 quousque
771 804 878 848 dicti
920 803 1138 859 capellanj
1184 809 1261 846 aut
1303 801 1372 844 sui
1415 813 1696 843 successores
1736 812 1815 854 per
1855 799 2045 841 eundem

237 876 485 919 Iohannem
528 882 605 919 aut
648 890 752 918 suos
794 875 979 917 heredes
1020 873 1304 916 infeodantur
1340 877 1382 914 et
1426 877 1594 913 statum
1637 868 1966 925 possessionem
2003 875 2047 911 et

236 945 434 989 sasinam
466 944 759 989 hereditarias
791 943 1028 988 habuerint
1060 942 1191 985 vnius
1223 941 1359 996 annuj
1394 940 1595 983 redditus
1627 954 1703 982 sex
1735 938 1976 981 solidorum
2004 945 2047 980 et

235 1022 336 1059 octo
359 1015 641 1059 denariorum
664 1015 708 1057 in
732 1014 819 1058 alio
846 1015 944 1057 loco
967 1011 1230 1056 sufficientis
1254 1018 1297 1054 et
1321 1009 1627 1054 convenientis
1649 1009 1781 1052 dictis
1803 1007 2047 1064 capellanis

236 1086 296 1128 Et
346 1091 670 1141 consequenter
712 1085 838 1127 Idem
881 1083 1074 1126 balliuus
1117 1083 1170 1124 de
1212 1080 1395 1136 speciali
1439 1080 1653 1123 mandato
1695 1077 1835 1133 ipsius
1877 1077 2045 1120 domini

236 1154 432 1211 resignat
461 1161 629 1198 statum
659 1153 989 1210 possessionem
1017 1159 1060 1195 et
1090 1152 1288 1196 sasinam
1322 1148 1623 1193 successorias
1653 1147 1798 1190 tocius
1820 1153 1864 1190 et
1886 1146 2046 1202 integrj

233 1226 382 1281 Annuj
420 1225 620 1268 redditus
661 1223 909 1268 octodecim
952 1222 1195 1266 solidorum
1238 1219 1460 1276 prenotati
1503 1219 1694 1262 discreto
1730 1217 1825 1260 viro
1866 1216 2047 1260 domino

234 1294 367 1338 dauid
400 1296 546 1339 Waus
580 1294 806 1338 collectori
843 1300 886 1337 et
928 1291 1203 1349 procuratorj
1243 1291 1463 1334 dictorum
1498 1288 1832 1343 capellanorum
1867 1286 2047 1329 nomine

233 1365 475 1407 eorundem
498 1379 576 1420 per
598 1364 765 1419 denarij
801 1365 854 1407 de
886 1362 1014 1405 intoll
1038 1360 1332 1404 donacionem
1366 1357 1555 1402 contulit
1589 1363 1632 1399 et
1663 1370 1764 1398 cum
1793 1356 1952 1398 effectu
1975 1356 2046 1398 de-

233 1433 438 1477 liberauit
471 1440 515 1476 et
547 1433 694 1489 ipsum
724 1433 769 1475 in
793 1434 949 1476 eodem
981 1430 1155 1474 induxit
1188 1428 1402 1485 imposuit
1425 1434 1468 1470 et
1495 1425 1784 1481 corporaliter
1815 1424 2046 1467 inuestiuit

233 1504 352 1558 apud
374 1504 554 1546 eosdem
577 1517 839 1546 remansuro
861 1503 1002 1545 donec
1025 1507 1067 1544 et
1087 1514 1317 1556 quousque
1340 1498 1492 1553 eisque
1509 1495 1797 1552 prouideatur
1819 1496 1872 1537 de
1895 1509 2046 1549 supra-

233 1571 353 1615 dicto
395 1586 544 1615 annuo
585 1572 759 1616 redditu
796 1586 874 1627 per
904 1571 1095 1614 eundem
1134 1569 1383 1612 Iohannem
1418 1572 1495 1610 aut
1537 1580 1642 1608 suos
1679 1564 1864 1607 heredes
1902 1564 2046 1618 Super

233 1641 394 1696 quibus
434 1642 642 1686 omnibus
683 1649 727 1686 et
774 1641 962 1698 singulis
1003 1641 1151 1684 dictus
1187 1638 1396 1682 dominus
1438 1636 1650 1680 collector
1691 1649 1717 1677 a
1760 1648 1830 1676 me
1872 1633 2046 1676 notario

234 1710 412 1765 publico
434 1711 517 1755 sibi
539 1711 633 1754 fieri
659 1710 793 1767 peciit
815 1724 998 1766 presens
1030 1708 1258 1765 publicum
1291 1707 1642 1750 instrumentum
1664 1704 1779 1746 Acta
1809 1709 1935 1746 erant
1963 1703 2045 1745 hec

234 1794 367 1835 super
394 1780 564 1825 dictum
593 1788 709 1825 terre
738 1781 883 1825 solum
913 1781 1070 1824 horam
1105 1779 1280 1822 circiter
1312 1777 1533 1821 decimam
1567 1780 1672 1818 ante
1704 1772 1934 1816 meridiem
1965 1773 2046 1816 sub

234 1865 352 1894 anno
393 1852 464 1895 die
504 1867 658 1896 mense
699 1852 942 1896 indictione
983 1858 1027 1895 et
1068 1849 1349 1906 pontifficatu
1386 1847 1548 1904 quibus
1589 1859 1724 1901 supra
1765 1843 2047 1900 presentibus

236 1921 407 1965 Ibidem
430 1923 766 1968 honorabilibus
786 1923 892 1966 viris
915 1924 1084 1966 Ioanne
1115 1921 1368 1964 rutherfurd
1399 1920 1576 1963 roberto
1605 1917 1709 1961 blak
1734 1915 1868 1960 dauid
1901 1917 2046 1960 baune

234 1990 528 2046 burgensibus
550 1994 604 2036 de
626 1992 836 2037 abirdene
857 1992 1038 2037 domino
1069 1992 1239 2034 Ioanne
1260 1991 1408 2034 Waus
1430 1987 1662 2044 capellano
1684 1993 1727 2029 et
1750 1986 1906 2029 thoma
1935 1985 2048 2029 blair

234 2060 470 2116 sergiando
506 2078 608 2108 curn
646 2064 850 2107 diuersus
887 2063 987 2107 aliis
1023 2061 1214 2106 testibus
1251 2062 1306 2104 ad
1344 2059 1562 2116 premissa
1597 2056 1770 2100 vocatis
1805 2055 1971 2111 pariter
2002 2062 2045 2097 et

233 2131 403 2187 rogatis
434 2135 499 2178 &c

397 2283 457 2325 Et
490 2298 572 2339 ego
604 2284 738 2327 dauid
770 2283 1032 2326 nicholsone
1060 2281 1243 2325 Arcium
1276 2280 1499 2336 professor
1530 2277 1763 2331 scribaque
1796 2275 1915 2318 curie
1948 2275 2042 2318 bal-

396 2354 589 2398 liuorum
623 2354 943 2399 aberdonensis
974 2359 1018 2396 et
1052 2352 1253 2396 eiusdem
1286 2350 1516 2394 dioceseos
1548 2361 1722 2390 necnon
1757 2360 1884 2390 sacra
1914 2359 2042 2400 apos-

395 2425 532 2470 tolica
563 2425 831 2470 auctoritate
867 2423 1069 2468 notarius
1101 2422 1307 2479 publicus
1343 2420 1446 2476 quia
1477 2417 1709 2475 premissis
1740 2414 2041 2472 resignacioni

397 2496 670 2552 possessioni
696 2502 740 2540 et
772 2495 948 2540 dacioni
981 2494 1229 2549 ceterisque
1261 2490 1469 2536 omnibus
1502 2489 1602 2533 aliis
1633 2494 1676 2531 et
1714 2485 1903 2542 singulis
1936 2486 2043 2528 dum

399 2566 463 2610 sic
484 2573 533 2610 ut
551 2566 825 2622 premittitur
846 2566 1101 2610 dicerentur
1122 2570 1165 2607 et
1188 2564 1345 2606 fierent
1366 2574 1562 2605 vnacum
1585 2556 1833 2614 prenotatis
1850 2555 2043 2598 testibus

399 2649 584 2690 presens
607 2635 901 2691 personaliter
921 2633 1101 2678 interfui
1125 2635 1283 2688 anue
1309 2630 1461 2675 omnia
1483 2636 1526 2673 et
1550 2627 1729 2684 singula
1752 2625 1815 2669 sic
1838 2624 1932 2667 fieri
1954 2624 2044 2667 vidi

400 2710 444 2747 et
466 2704 618 2748 audiui
640 2711 683 2748 et
707 2706 863 2748 eadem
886 2704 931 2748 in
954 2710 1108 2748 notam
1133 2702 1229 2759 cepi
1261 2702 1449 2757 ideoque
1482 2701 1567 2743 hoc
1600 2711 1783 2754 presens
1815 2694 2043 2751 publicum

400 2774 750 2818 instrumentum
792 2775 938 2819 aliena
980 2789 1118 2818 manu
1160 2772 1351 2816 fideliter
1403 2770 1619 2826 scriptum
1662 2767 1819 2810 exinde
1874 2763 2043 2818 confecj

401 2845 576 2901 signauj
601 2851 645 2887 et
668 2845 910 2901 subscripsi
926 2851 1111 2900 rogatus
1133 2850 1176 2886 et
1199 2842 1442 2898 requisitus
1458 2841 1504 2883 in
1522 2840 1655 2882 fidem
1674 2844 1717 2880 et
1734 2833 2044 2879 testimonium

399 2915 601 2959 omnium
626 2921 669 2959 et
691 2915 969 2971 singulorum
992 2914 1312 2970 premissorum

294 2489 337 2761 mnqdmssoxgqo
