2524 3418
906 320 1036 362 Carta
1067 320 1247 361 Domini
1277 320 1427 361 Dauid
1461 320 1588 361 Waus
2071 331 2151 371 203

346 433 559 488 magister
589 434 769 476 thomas
801 448 967 476 nouum
1000 435 1244 489 reedificarj
1278 435 1380 477 fecit
1418 441 1587 477 tectum
1625 440 1739 476 terre
1776 433 2009 475 anterioris
2046 433 2152 475 dicti

345 504 587 559 tenementj
628 504 671 545 in
709 504 845 558 tignis
882 504 1044 559 tegulis
1081 511 1123 546 et
1161 505 1320 547 ceteris
1357 503 1622 558 neeessarijs
1664 502 1756 545 suis
1798 502 2050 557 sumptibus
2092 503 2151 543 Et

348 574 570 628 Impensis
608 576 667 616 Et
704 589 781 628 pro
819 575 1100 616 edificatione
1137 575 1468 617 constructione
1502 580 1544 616 et
1581 572 1861 628 reparatione
1904 579 2151 614 ceterarum

345 645 538 698 partium
568 645 674 686 dicti
696 645 938 699 tenementj
962 646 1059 686 Iam
1077 645 1239 687 veteris
1261 651 1304 686 et
1327 644 1494 687 ruinosi
1519 658 1568 686 ac
1594 643 1887 684 Imminenter
1909 643 1964 684 ad
1986 648 2150 683 terram

345 714 544 756 occasuri
578 714 614 756 si
646 729 733 756 non
767 715 909 756 eidem
948 715 1094 756 subito
1131 721 1353 769 prestetur
1391 713 1663 756 Instauratio
1699 713 2069 754 TENENDUM
2109 718 2151 752 et

344 783 597 824 habendum
629 790 774 824 totum
807 790 849 824 et
885 784 1114 838 Integrum
1149 784 1316 826 dictum
1349 790 1656 825 tenementum
1691 783 1750 823 Et
1784 788 1930 823 ortum
1954 780 2151 822 eiusdem

346 867 445 894 cum
470 853 561 894 suis
583 852 863 906 pertinentiis
890 854 1058 906 prefato
1086 853 1299 907 magistro
1332 853 1484 894 thome
1517 866 1696 893 menzes
1728 851 1820 893 suis
1852 850 2087 892 heredibus
2109 855 2151 890 et

344 922 584 977 assignatis
606 924 643 963 A
667 937 737 963 me
760 929 802 963 et
826 923 1157 964 successoribus
1180 923 1291 964 meis
1313 924 1366 964 de
1390 937 1597 976 suprema
1623 921 1803 963 domina
1825 927 1978 962 nostra
1999 919 2152 973 regina

344 998 386 1032 et
411 991 502 1032 suis
529 990 859 1032 successoribus
887 991 1064 1044 regibus
1097 1005 1174 1032 seu
1206 990 1370 1044 reginis
1403 990 1541 1031 scotie
1573 990 1617 1030 in
1649 990 1776 1031 feodo
1809 995 1851 1030 et
1884 986 2152 1029 hereditaria

343 1059 608 1114 emphiteosi
635 1059 962 1113 imperpetuum
986 1073 1038 1100 ae
1061 1058 1104 1099 in
1129 1058 1265 1100 libero
1291 1057 1504 1112 burgagio
1528 1072 1629 1099 cum
1660 1056 1780 1098 omni
1810 1057 1909 1097 Iure
1934 1056 1993 1096 Et
2018 1054 2151 1096 Iuris—

342 1128 512 1170 clameo
554 1127 684 1168 titulo
726 1126 995 1180 proprietate
1037 1133 1079 1167 et
1122 1125 1403 1180 possessione
1445 1140 1546 1166 cum
1589 1125 1748 1166 debitis
1790 1123 2066 1178 longitudine
2108 1129 2151 1164 et

341 1198 576 1240 latitudine
614 1198 727 1239 Cum
765 1197 952 1251 edificijs
993 1198 1182 1250 desuper
1223 1197 1492 1238 constructis
1525 1202 1567 1237 et
1600 1195 1911 1237 construendis
1943 1196 2007 1235 Ac
2049 1208 2150 1235 cum

341 1266 548 1308 omnibus
580 1265 681 1318 alijs
713 1271 755 1306 et
789 1265 976 1319 singulis
1009 1265 1290 1307 libertatibus
1323 1265 1718 1307 commoditatibus
1740 1271 1782 1306 et
1806 1263 2068 1306 asiamentis
2100 1277 2150 1305 ac

343 1335 481 1377 Iustis
513 1334 605 1377 suis
637 1335 919 1389 pertinentijs
951 1335 1290 1389 quibuscunque
1322 1335 1474 1389 procul
1504 1342 1546 1376 et
1574 1349 1708 1388 prope
1742 1335 1797 1376 ad
1829 1334 1998 1375 dictum
2030 1340 2150 1374 tene-

340 1412 541 1447 mentum
584 1420 685 1447 cum
723 1405 1005 1459 pertinentijs
1043 1406 1351 1460 spectantibus
1388 1420 1466 1447 seu
1507 1406 1630 1447 Iuste
1667 1411 1868 1459 spectare
1899 1403 2152 1445 valentibus

339 1475 669 1530 quomodolibet
692 1475 736 1516 in
758 1475 957 1517 futurum
979 1476 1102 1517 Adeo
1125 1475 1259 1517 libere
1287 1475 1434 1529 quiete
1466 1475 1662 1529 plenarie
1700 1476 1877 1528 Integre
1909 1473 2151 1515 honorifice

339 1547 449 1588 bene
472 1552 515 1587 et
538 1545 582 1586 in
606 1560 715 1600 pace
738 1545 782 1586 in
805 1546 1012 1587 omnibus
1036 1546 1096 1587 Et
1118 1560 1196 1600 per
1224 1545 1375 1588 omnia
1398 1545 1512 1587 sicut
1536 1545 1684 1599 aliqua
1706 1552 1824 1586 terra
1846 1543 1959 1585 infra
1981 1543 2151 1585 dictum

337 1617 526 1671 burgum
562 1617 708 1658 Datur
743 1616 917 1658 locatur
953 1616 1212 1658 conceditur
1249 1631 1326 1658 seu
1361 1617 1413 1657 In
1445 1616 1741 1658 feudifirmam
1780 1613 2021 1656 dimittitur
2056 1613 2151 1654 sine

338 1686 622 1728 reuocatione
658 1685 978 1728 reclamatione
1011 1693 1087 1728 aut
1120 1686 1473 1728 contradictione
1506 1685 1686 1740 aliqualj
1720 1684 1804 1738 mej
1841 1697 2149 1725 successorum

339 1771 538 1798 meorum
562 1770 639 1797 seu
663 1755 851 1797 aliorum
875 1771 1243 1810 quorumcunque
1271 1756 1597 1799 FACIENDO
1621 1755 1723 1796 inde
1747 1753 1980 1796 annuatim
2003 1751 2150 1793 dictus

339 1826 553 1880 magister
592 1826 795 1868 Thomas
837 1827 903 1881 suj
945 1827 1130 1868 heredes
1172 1833 1214 1868 et
1257 1826 1473 1881 assignatj
1519 1840 1725 1879 supreme
1771 1823 1948 1866 domine
2000 1828 2150 1863 nostre

340 1894 510 1948 Regine
533 1900 575 1935 et
599 1894 691 1935 suis
715 1894 1046 1936 successoribus
1068 1894 1246 1949 regibus
1279 1910 1356 1936 seu
1388 1894 1554 1949 reginis
1577 1893 1715 1936 scotie
1738 1892 1970 1935 seruitium
1993 1892 2150 1945 burga-

336 1962 458 2017 gium
491 1963 544 2004 de
576 1962 695 2004 dicto
726 1969 984 2004 tenemento
1017 1963 1216 2005 debitum
1249 1970 1291 2004 et
1325 1970 1590 2005 consuetum
1623 1969 1841 2017 quantum
1876 1961 2067 2015 pertinet
2095 1961 2150 2002 ad
2205 1982 2208 1984 ·

338 2032 463 2072 Idem
509 2032 695 2073 Necnon
737 2032 959 2073 reddendo
1004 2032 1114 2073 Inde
1157 2031 1390 2073 annuatim
1429 2031 1538 2072 mihi
1580 2036 1623 2072 et
1666 2029 1997 2072 successoribus
2040 2028 2150 2070 meis

335 2101 580 2156 capellanis
611 2100 728 2143 dicte
761 2101 1007 2156 capellanie
1040 2116 1265 2143 summam
1298 2116 1460 2143 nouem
1494 2115 1744 2143 mercarum
1770 2099 1939 2142 vsualis
1972 2104 2149 2140 monete

333 2169 456 2224 regnj
501 2169 640 2211 scotie
683 2170 738 2211 ad
779 2171 891 2211 duos
932 2169 1048 2224 Annj
1087 2170 1303 2212 terminos
1339 2170 1518 2212 vsuales
1554 2169 1828 2224 penticostes
1863 2167 2069 2210 videlicet
2106 2173 2149 2209 et

335 2238 478 2292 sanctj
518 2238 698 2292 martinj
735 2238 780 2279 in
818 2238 976 2293 hyeme
1013 2253 1092 2292 per
1127 2239 1308 2292 equales
1345 2240 1457 2280 duas
1494 2238 1665 2280 medias
1702 2237 1928 2292 portiones
1969 2235 2149 2278 nomine

333 2309 581 2352 feudifirme
611 2309 817 2351 videlicet
855 2316 956 2351 octo
990 2324 1162 2351 mercas
1199 2324 1277 2364 pro
1309 2309 1494 2364 antiqua
1525 2310 1654 2351 firma
1686 2309 1791 2363 dictj
1825 2306 2070 2361 tenementj
2105 2313 2147 2348 et

333 2379 545 2421 tredecim
564 2380 729 2421 solidos
747 2386 789 2421 et
809 2386 999 2433 quatuor
1015 2380 1220 2422 denarios
1244 2380 1494 2422 antedictos
1512 2379 1556 2421 in
1576 2379 1941 2435 augmentatione
1963 2377 2149 2420 rentalis

334 2447 450 2492 dicte
487 2463 584 2490 mee
621 2448 866 2503 capellanie
904 2455 1083 2503 propter
1123 2463 1285 2491 causas
1322 2448 1525 2503 superius
1561 2463 1795 2503 expressas
1831 2447 2031 2489 Tantum
2069 2460 2147 2500 pro

334 2515 454 2570 omnj
479 2516 566 2558 alio
588 2531 719 2558 onere
751 2531 901 2558 annuo
927 2516 1102 2558 redditu
1135 2516 1316 2558 seruitio
1350 2516 1537 2571 secularj
1569 2515 1801 2558 exactione
1825 2529 1902 2557 seu
1926 2514 2147 2556 demanda

335 2600 419 2640 que
453 2587 506 2628 de
539 2586 658 2628 dicto
693 2593 951 2629 tenemento
989 2593 1032 2628 et
1069 2593 1165 2628 orto
1203 2586 1402 2628 eiusdem
1440 2601 1542 2628 cum
1580 2585 1861 2640 pertinentiis
1894 2583 2148 2638 aliqualiter

333 2657 445 2712 exigj
472 2657 663 2712 poterint
692 2665 769 2700 aut
797 2658 959 2713 requiri
990 2659 1050 2700 Et
1081 2673 1161 2713 ego
1183 2672 1286 2700 vero
1316 2657 1474 2699 dictus‘
1488 2657 1622 2699 dauid
1645 2672 1769 2699 waus
1796 2663 1839 2698 et
1866 2669 2147 2697 successores

333 2727 418 2782 mej
451 2727 669 2782 capellanj
702 2728 855 2770 altaris
885 2743 962 2770 seu
992 2728 1240 2782 capellanie
1267 2727 1492 2770 antedicte
1515 2741 1616 2769 cum
1648 2740 1869 2769 consensu
1893 2732 1935 2766 et
1958 2738 2146 2767 assensu

333 2797 545 2852 prepositi
567 2797 833 2840 balliuorum
857 2798 1092 2841 consulum
1116 2805 1159 2840 et
1182 2797 1522 2840 communitatis
1544 2798 1597 2839 de
1620 2796 1829 2839 abirdene
1855 2801 2145 2850 patronorum

332 2868 449 2910 dicte
472 2868 717 2922 capellanie
738 2875 884 2910 totum
908 2875 951 2910 et
973 2868 1196 2923 integrum
1220 2868 1389 2910 dictum
1412 2873 1721 2910 tenementum
1751 2873 1916 2908 terram
1939 2864 2145 2906 videlicet

332 2944 425 2980 tam
463 2937 729 2980 anteriorem
771 2953 905 2993 quam
943 2936 1198 2981 interiorem
1237 2945 1280 2980 et
1318 2945 1463 2981 ortum
1503 2938 1744 2980 earundem
1784 2950 1884 2978 eum
1923 2933 2016 2976 suis
2052 2948 2146 2988 per-
