2524 3418
749 334 789 374 F
791 332 961 373 nudatio
992 330 1177 372 Dauidis
1209 329 1455 370 Andersoun
1928 339 2008 381 173

204 466 403 493 annuum
444 450 664 491 redditum
709 462 809 489 cum
851 445 1138 501 pertinenciis
1180 442 1487 498 spectantibus
1529 456 1606 483 seu
1643 441 1758 483 iuste
1798 442 2010 495 Spectare

204 519 456 561 valentibus
503 516 834 572 quomodolibet
887 515 930 556 in
977 515 1174 556 futurum
1218 513 1352 554 libere
1394 511 1540 565 quiete
1592 511 1788 565 plenarie
1839 511 2011 565 integre

206 589 447 631 honorifice
470 589 581 630 bene
604 594 647 628 et
670 587 714 627 in
744 600 853 640 pace
885 585 978 626 sine
1013 583 1341 638 Impedimento
1368 581 1600 623 obstaculo
1623 587 1699 622 aut
1722 580 2012 621 reuocacione

206 659 543 713 quibuscunque
567 657 868 712 Quamobrem
896 655 1001 696 dicti
1026 656 1220 696 Curatus
1247 660 1289 694 et
1313 651 1532 706 capellani
1555 665 1606 692 ac
1631 651 1697 692 sui
1722 651 2013 692 Successores

207 729 492 771 celebrabunt
536 726 769 769 annuatim
803 725 1130 779 imperpetuum
1167 737 1303 764 vnum
1342 721 1696 763 anniuersarium
1730 727 1772 762 et
1805 720 2014 773 exequias

204 799 513 840 defunctorum
540 796 746 838 videlicet
778 795 972 836 Placebo
1005 801 1046 835 et
1075 793 1214 847 dirige
1246 793 1291 833 in
1324 792 1393 833 die
1424 791 1598 833 sabbati
1628 790 1884 832 immediate
1912 795 2013 843 post

205 868 321 909 diem
345 867 492 908 obitus
515 867 602 907 mei
624 868 688 907 Ac
712 866 897 906 missam
921 866 974 905 de
998 870 1104 905 nota
1122 863 1166 904 in
1186 863 1254 904 die
1273 862 1496 904 dominica
1518 861 1776 902 immediate
1800 866 2013 914 sequente

205 951 306 978 cum
340 936 498 978 ceteris
531 936 681 977 missis
713 935 1026 989 trigentalibus
1057 940 1103 974 vt
1137 932 1273 974 moris
1305 939 1372 973 est
1406 933 1461 973 ad
1493 932 1632 973 altare
1666 931 1905 973 saluatoris
1936 944 2014 984 per

204 1008 499 1048 ebdomadam
526 1006 794 1047 Immediate
817 1011 1078 1058 sequentem
1111 1018 1188 1057 pro
1223 1003 1366 1044 salute
1396 1002 1543 1044 anime
1573 1016 1670 1043 mee
1696 1008 1738 1043 et
1762 1001 2014 1043 animarum

204 1076 404 1118 omnium
428 1076 727 1130 predictarum
754 1077 943 1128 Insuper
965 1074 1189 1115 Collector
1220 1072 1440 1113 dictorum
1469 1071 1815 1125 Capellanorum
1839 1070 1911 1124 quj
1937 1084 2015 1124 pro

202 1153 403 1201 tempore
431 1146 593 1188 fuerint
626 1144 882 1187 huiusmodi
916 1158 1114 1185 annuum
1148 1142 1370 1184 redditum
1404 1141 1638 1182 annuatim
1667 1148 1713 1182 vt
1743 1140 2016 1195 premittitur

204 1216 417 1270 percipiet
460 1222 502 1257 et
545 1215 780 1257 distribuet
828 1220 874 1255 vt
918 1212 1117 1266 sequitur
1162 1211 1368 1253 videlicet
1417 1210 1597 1264 preconi
1640 1225 1740 1252 cum
1784 1212 2017 1264 Campana

205 1285 403 1327 manuali
426 1286 481 1326 ad
509 1284 891 1327 Circumeundum
920 1282 1089 1324 dictum
1117 1281 1330 1335 oppidum
1363 1287 1493 1322 nocte
1518 1280 1805 1334 exequiarum
1830 1282 1885 1322 ad
1908 1281 2015 1322 inci-

203 1356 391 1396 tandum
430 1354 646 1408 populum
685 1354 740 1394 ad
774 1352 1104 1406 deprecandum
1137 1365 1215 1404 pro
1250 1350 1395 1391 salute
1429 1349 1681 1390 animarum
1716 1349 2015 1403 predictarum

205 1425 316 1466 duos
349 1424 558 1466 denarios
590 1430 633 1465 et
667 1423 863 1465 Sacriste
901 1436 978 1477 pro
1011 1421 1264 1476 pulsatione
1296 1434 1618 1474 campanarum
1657 1419 1772 1461 dicte
1811 1420 2016 1461 Ecclesie

204 1494 321 1536 trina
349 1494 445 1536 vice
475 1495 530 1536 ad
563 1493 821 1535 huiusmodi
854 1492 1064 1546 exequias
1096 1492 1141 1533 in
1174 1491 1243 1533 die
1276 1490 1450 1532 sabbati
1479 1490 1637 1544 prefati
1667 1497 1710 1531 et
1741 1490 1944 1532 similiter
1972 1491 2017 1531 in

205 1565 324 1607 dicta
347 1565 571 1607 dominica
593 1564 851 1606 immediate
884 1569 1097 1617 sequente
1125 1561 1461 1616 quatuordecim
1495 1560 1700 1602 denarios
1724 1562 1784 1602 Et
1809 1561 2014 1602 similiter

206 1636 405 1690 prefatus
434 1636 646 1677 collector
676 1650 755 1689 pro
787 1641 987 1688 tempore
1019 1633 1220 1674 tabulam
1253 1632 1490 1673 honestam
1524 1646 1656 1685 super
1687 1631 2015 1673 monimentum

205 1712 339 1760 ponet
363 1707 423 1747 Et
450 1707 575 1747 Idem
599 1706 734 1760 pallio
758 1705 852 1746 siue
876 1703 1116 1758 Cooptorio
1140 1702 1314 1745 decenti
1338 1702 1506 1756 operiet
1531 1703 1590 1743 Et
1614 1701 1853 1743 luminaria
1877 1703 2016 1744 Cerea

205 1775 392 1817 honeste
408 1782 454 1817 vt
478 1777 604 1817 decet
633 1775 840 1817 Inueniet
863 1790 941 1829 pro
964 1774 1124 1828 quibus
1142 1775 1253 1815 duos
1276 1773 1442 1815 solidos
1465 1772 1547 1814 sibi
1566 1772 1763 1827 captabit
1787 1779 1829 1814 et
1848 1787 2016 1814 annua-

207 1845 288 1886 tim
321 1845 366 1886 in
390 1846 459 1887 die
482 1846 702 1888 dictarum
735 1845 1022 1900 exequiarum
1046 1851 1237 1898 quatuor
1260 1843 1425 1885 solidos
1446 1843 1716 1897 pauperibus
1740 1843 1883 1897 magis
1905 1843 2015 1885 indi-

206 1915 414 1969 gentibus
436 1917 635 1971 erogabit
670 1918 729 1958 Et
765 1916 1004 1970 Reliquum
1038 1915 1294 1957 huiusmodi
1322 1914 1458 1956 annui
1490 1913 1690 1955 redditus
1723 1914 2014 1968 suprascripti

204 1985 410 2027 videlicet
433 1986 589 2041 vigintj
615 1994 715 2029 octo
739 1987 904 2028 solidos
933 1985 1064 2028 dictis
1093 1986 1260 2028 Curato
1293 1991 1336 2027 et
1369 1984 1613 2039 capellanis
1634 1983 1678 2025 in
1702 1983 1771 2026 die
1793 1984 2013 2026 dictarum

207 2056 493 2110 exequiarum
516 2072 595 2112 pro
617 2057 847 2112 premissis
880 2056 1137 2112 prescriptis
1161 2057 1215 2097 ad
1248 2069 1410 2097 manus
1432 2054 1666 2097 distribuet
1690 2061 1732 2096 et
1756 2054 2014 2096 deliberabit

208 2126 267 2167 Et
290 2126 372 2168 hec
395 2127 546 2169 omnia
569 2134 611 2169 et
636 2127 812 2182 singula
845 2142 870 2169 a
903 2127 1035 2169 dictis
1068 2128 1235 2169 Curato
1269 2132 1311 2168 et
1344 2125 1589 2180 capellanis
1618 2140 1669 2167 ac
1700 2125 1948 2167 Collectore
1972 2132 2014 2166 et

207 2195 300 2237 suis
323 2197 666 2239 Successoribus
688 2197 922 2240 annuatim
947 2204 989 2239 et
1015 2199 1352 2251 Imperpetuum
1378 2195 1701 2238 Inviolabiliter
1722 2196 2015 2237 obseruentur

205 2272 252 2308 vt
289 2281 438 2308 coram
473 2268 659 2309 Summo
698 2268 850 2310 Iudice
888 2267 932 2308 in
970 2267 1038 2309 die
1076 2267 1262 2308 extremi
1296 2266 1452 2320 Iudicij
1492 2267 1759 2320 respondere
1794 2265 2014 2307 voluerint

206 2335 405 2378 Tantum
429 2351 506 2391 pro
530 2338 650 2379 omni
674 2338 761 2379 alio
794 2337 982 2379 seruicio
1006 2337 1205 2379 Seculari
1237 2336 1468 2378 exactione
1501 2351 1578 2378 seu
1611 2337 1832 2378 demanda
1855 2351 1939 2390 que
1961 2337 2015 2377 de

207 2405 405 2459 predicto
438 2421 586 2449 annuo
618 2407 794 2449 redditu
824 2422 925 2449 cum
959 2406 1246 2461 pertinenciis
1278 2406 1532 2460 aliqualiter
1563 2405 1677 2460 exigi
1710 2406 1903 2460 poterint
1936 2413 2013 2447 aut
2033 2412 2089 2444 fol.
2109 2410 2171 2444 682

207 2476 369 2530 requiri
413 2479 702 2520 Reseruando
743 2485 896 2520 tamen
928 2492 1006 2532 per
1037 2478 1188 2520 omnia
1229 2477 1416 2519 liberum
1448 2483 1756 2518 tenementum
1792 2484 1834 2518 et
1866 2491 2014 2518 vsum-

206 2546 430 2588 fructuum
464 2547 662 2590 eiusdem
692 2549 826 2602 annuj
852 2548 1052 2590 redditus
1084 2547 1305 2602 prenotati
1337 2562 1438 2589 cum
1469 2546 1756 2601 pertinenciis
1779 2545 1914 2587 michi
1937 2560 2015 2599 pro

208 2623 303 2658 toto
325 2624 525 2672 tempore
546 2619 636 2660 vite
659 2634 755 2660 mee
780 2621 840 2660 Et
864 2634 944 2673 ego
966 2634 1069 2660 vero
1093 2619 1239 2660 dictus
1257 2618 1391 2659 dauid
1414 2618 1599 2659 heredes
1622 2617 1709 2658 mei
1732 2623 1774 2657 et
1798 2615 2015 2670 assignati

207 2692 353 2728 totum
376 2694 419 2728 et
443 2687 664 2742 integrum
688 2689 857 2730 dictum
882 2703 1081 2730 annuum
1100 2687 1322 2729 redditum
1344 2687 1503 2742 viginti
1525 2693 1625 2728 octo
1649 2686 1890 2728 solidorum
1913 2699 2014 2726 cum

209 2756 496 2809 pertinenciis
518 2757 649 2799 dictis
673 2760 839 2801 Curato
863 2765 905 2799 et
929 2758 1173 2812 capellanis
1205 2764 1246 2798 et
1271 2757 1362 2798 suis
1395 2757 1737 2799 Successoribus
1761 2755 2016 2809 Capellanis

209 2825 316 2867 dicti
340 2826 475 2868 Chori
499 2827 543 2867 in
566 2829 773 2870 omnibus
796 2836 838 2870 et
862 2843 939 2882 per
961 2828 1112 2870 omnia
1144 2835 1192 2869 ut
1216 2827 1485 2881 premissum
1509 2833 1574 2868 est
1599 2841 1675 2880 per
1697 2840 1852 2867 omnes
1874 2832 2017 2866 terras

208 2903 251 2937 et
280 2897 587 2950 possessiones
615 2905 791 2940 nostras
824 2905 979 2940 contra
1002 2913 1157 2940 omnes
1189 2898 1402 2939 mortales
1430 2896 1810 2938 varantizabimus
1845 2894 2018 2948 acquie-

207 2966 404 3008 tabimus
427 2974 469 3008 et
494 2969 830 3023 Imperpetuum
854 2969 1142 3010 defendemus
1160 2968 1366 3010 omnibus
1387 2968 1540 3009 fraude
1563 2973 1605 3008 et
1625 2966 1724 3008 dolo
1755 2964 1941 3006 seclusis
1965 2965 2017 3005 In
