2524 3418
461 343 541 383 104
960 328 1173 368 andacio
1205 328 1364 382 dominj
1394 328 1558 368 Anda-a
1594 328 1755 383 Coupar

454 444 583 486 fuerit
606 442 822 497 recepturi
846 449 973 497 prout
997 442 1040 483 in
1064 441 1256 496 presentj
1292 441 1440 484 seculo
1474 440 1716 484 meruimus
1749 440 1891 495 Igitur
1921 440 2038 483 diem
2070 440 2253 484 extremi

459 513 614 567 Iudicij
635 512 871 567 expediens
888 519 954 553 est
972 510 1177 565 operibus
1200 510 1498 552 misericordie
1516 509 1745 564 preuenire
1761 516 1807 552 vt
1831 509 2050 552 seminata
2067 509 2111 551 in
2127 509 2256 552 terris

456 582 688 637 multiplicj
713 582 856 623 fructu
880 580 1143 634 colligamus
1175 579 1219 621 in
1251 580 1359 622 celis
1381 581 1509 622 Vnde
1533 579 1760 622 Noueritis
1782 594 1852 622 me
1880 578 1925 621 in
1951 581 2253 634 Augmentum

453 651 591 694 diuini
633 651 779 692 cultus
830 649 1041 691 honorem
1093 648 1161 702 dej
1215 648 1533 703 omnipotentis
1587 648 1842 691 beatissime
1888 648 2072 703 virginis
2119 649 2256 692 marie

454 727 708 762 sanctorum
762 718 983 772 Nicholaij
1032 718 1210 773 martinj
1264 717 1494 760 katherine
1537 723 1580 760 et
1624 717 1823 761 omniurn
1876 725 2132 761 sanctorum
2178 733 2256 774 pro

456 790 598 832 salute
635 788 781 830 anime
819 802 915 830 mee
951 787 1099 830 anime
1136 788 1360 842 quondam
1393 787 1611 831 Willelmi
1648 802 1814 842 coupar
1854 787 1993 842 patris
2029 802 2125 830 mee
2163 787 2254 842 [sic]

456 867 498 902 et
535 858 720 914 Agnetis
753 872 919 913 coupar
955 857 1110 900 matris
1144 872 1239 900 mee
1272 857 1534 900 Animarum
1570 864 1804 913 parentum
1841 864 2093 900 nostrorum
2127 859 2256 900 bene-

455 928 671 970 factorum
709 941 860 969 eorum
897 941 923 970 a
959 926 1118 981 quibus
1159 927 1308 982 aliqua
1349 928 1464 970 bona
1501 926 1767 970 minusiuste
1803 927 1936 981 habuj
1975 933 2018 969 et
2055 926 2254 969 omnium

456 998 651 1040 fidelium
686 997 994 1040 defunctorum
1036 996 1210 1040 dedisse
1251 997 1527 1040 concessisse
1563 1004 1606 1040 et
1643 998 1727 1040 hac
1764 997 1958 1052 presenti
1995 1002 2119 1039 carta
2156 1011 2256 1039 mea

455 1068 742 1109 confirmasse
784 1067 1028 1122 Capellano
1059 1074 1271 1123 perpetuo
1307 1067 1460 1110 altaris
1496 1067 1614 1110 beati
1656 1067 1834 1122 martinj
1873 1066 1985 1109 infra
2021 1066 2256 1110 ecclesiam

456 1136 754 1191 parochialem
792 1135 898 1178 dicti
940 1136 1065 1191 burgi
1106 1136 1277 1179 fundati
1320 1152 1397 1192 per
1437 1138 1659 1191 quondam
1702 1138 1814 1179 bone
1855 1136 2066 1179 memorie
2106 1151 2257 1180 vener-

456 1206 616 1248 abilem
650 1205 793 1248 virum
832 1206 1095 1260 magistrum
1137 1206 1361 1249 Thomam
1403 1207 1549 1250 Waus
1590 1213 1893 1262 precentorem
1930 1207 2255 1250 morauiensem

454 1290 590 1317 vnum
620 1289 818 1318 annuum
848 1275 1067 1318 redditum
1097 1275 1253 1331 vigintj
1287 1276 1528 1319 solidorum
1553 1277 1721 1319 vsualis
1747 1283 1924 1319 monete
1949 1277 2094 1320 scocie
2119 1293 2257 1321 annu-

456 1345 565 1387 atim
606 1346 846 1387 leuandum
883 1351 925 1387 et
963 1351 1197 1387 exeuntem
1232 1346 1301 1388 De
1332 1352 1427 1389 tota
1459 1353 1501 1389 et
1538 1346 1711 1401 integra
1741 1352 1858 1389 terra
1896 1347 2110 1389 Iohannis
2147 1348 2257 1391 lowe

455 1414 564 1456 fabri
608 1415 789 1457 Iacente
830 1414 942 1456 infra
978 1414 1146 1456 dictum
1183 1415 1371 1469 burgum
1405 1415 1449 1457 in
1487 1415 1709 1470 superiore
1750 1421 1874 1470 parte
1913 1415 1999 1458 vici
2041 1416 2258 1460 inferioris

455 1484 640 1526 ecclesie
676 1498 729 1526 ex
765 1483 967 1526 orientali
999 1490 1124 1538 parte
1155 1484 1353 1526 eiusdem
1387 1484 1471 1539 vicj
1508 1484 1623 1527 inter
1653 1499 1914 1527 communes
1953 1485 2049 1528 vias
2092 1486 2257 1542 Regias

455 1569 608 1596 versus
639 1555 818 1596 boream
850 1560 892 1595 et
925 1560 1126 1596 austrum
1159 1560 1201 1596 et
1227 1560 1391 1596 terram
1421 1556 1644 1608 quondam
1673 1555 1891 1597 Willelmi
1924 1569 2088 1610 coupar
2119 1557 2258 1611 patris

457 1624 541 1678 mej
566 1638 720 1666 versus
748 1622 954 1665 occidens
975 1622 1345 1666 TENENDUM
1377 1623 1459 1666 ET
1490 1625 1858 1667 HABENDUM
1882 1624 2048 1667 Totum
2071 1631 2114 1667 et
2139 1627 2257 1670 Inte-

455 1708 582 1747 grum
610 1693 778 1735 dictum
804 1707 1003 1735 annuum
1031 1693 1252 1735 redditum
1281 1693 1437 1748 vigintj
1463 1693 1703 1736 solidorum
1726 1708 1827 1736 cum
1855 1694 1947 1737 suis
1972 1695 2259 1750 pertinenciis

455 1764 624 1819 prefato
653 1763 885 1818 capellano
913 1769 956 1806 et
986 1763 1078 1805 suis
1107 1763 1438 1806 successoribus
1467 1763 1711 1818 capellanis
1739 1763 1844 1819 dictj
1875 1764 2031 1807 altaris
2059 1780 2085 1808 a
2113 1780 2184 1809 me
2213 1772 2256 1809 et

457 1833 692 1875 heredibus
714 1832 826 1874 meis
848 1833 901 1874 de
924 1846 1162 1887 suppremo
1185 1832 1364 1875 domino
1387 1839 1539 1875 nostro
1561 1847 1663 1887 rege
1685 1832 1730 1874 in
1752 1847 1908 1887 puram
1932 1839 1974 1875 et
1996 1839 2256 1889 perpetuam

457 1902 736 1945 elimosinam
776 1903 1110 1957 Imperpetuum
1154 1903 1268 1945 Cum
1310 1901 1431 1945 omni
1470 1903 1571 1944 Iure
1607 1909 1650 1944 et
1689 1901 1806 1944 Iuris
1842 1902 2013 1945 clameo
2053 1904 2117 1945 Ac
2154 1917 2256 1946 cum

457 1973 663 2015 omnibus
694 1978 737 2014 et
769 1972 956 2027 singulis
977 1972 1258 2015 libertatibus
1284 1972 1680 2015 commoditatibus
1702 1978 1745 2015 et
1769 1971 2030 2015 asiamentis
2052 1987 2103 2016 ac
2125 1972 2256 2016 iustis

458 2041 549 2084 suis
571 2041 857 2096 pertinenciis
889 2041 1226 2096 quibuscunque
1251 2043 1308 2084 ad
1334 2042 1503 2084 dictum
1536 2056 1734 2084 annuum
1757 2041 1977 2084 redditum
2001 2056 2102 2084 cum
2124 2041 2256 2097 perti-

456 2111 626 2154 nenciis
668 2110 974 2166 spectantibus
1016 2126 1093 2154 seu
1141 2113 1265 2154 Iuste
1307 2119 1507 2168 spectare
1547 2112 1800 2154 valentibus
1840 2112 2169 2166 quomodolibet
2211 2111 2255 2154 in

456 2183 654 2224 futurum
676 2184 739 2224 Ac
763 2181 1028 2237 capiendum
1061 2182 1295 2224 annuatim
1329 2189 1371 2224 et
1403 2182 1644 2224 leuandum
1667 2182 1720 2224 de
1745 2187 1842 2223 tota
1873 2186 1917 2223 et
1944 2180 2118 2235 integra
2138 2186 2256 2223 terra

456 2258 691 2306 prenotata
722 2266 824 2294 cum
857 2251 950 2294 suis
981 2251 1267 2306 pertinenciis
1298 2253 1354 2294 ad
1385 2253 1497 2294 duos
1528 2251 1632 2307 annj
1665 2249 1880 2293 terminos
1906 2250 2084 2292 vsuales
2105 2256 2256 2304 pente-

457 2328 604 2363 costes
624 2320 829 2363 videlicet
851 2327 894 2363 et
918 2320 1072 2375 Sanctj
1098 2321 1277 2376 martinj
1303 2321 1347 2362 in
1368 2335 1496 2376 yeme
1518 2335 1596 2375 per
1616 2319 1796 2374 equales
1817 2318 2049 2374 porciones
2065 2320 2129 2361 Ac
2152 2332 2253 2361 curn

456 2391 593 2433 libera
616 2397 838 2446 potestate
864 2390 1118 2434 huiusmodi
1144 2398 1308 2434 terram
1331 2398 1374 2433 et
1399 2390 1710 2433 Inhabitantes
1732 2389 1919 2432 eandem
1951 2393 1994 2430 et
2027 2402 2108 2430 sua
2138 2387 2255 2429 bona

456 2460 511 2501 ad
534 2473 694 2501 manus
716 2459 916 2514 proprias
944 2459 1038 2502 sine
1061 2475 1325 2516 quocunque
1356 2460 1472 2503 Iuris
1501 2459 1705 2502 ministro
1729 2457 1954 2501 Namandi
1986 2463 2029 2500 et
2062 2456 2255 2499 Distrin-

456 2528 587 2583 gendi
609 2529 732 2571 Adeo
755 2529 888 2572 libere
910 2529 1106 2584 plenarie
1128 2530 1299 2586 integre
1321 2529 1562 2574 honorifice
1584 2530 1695 2573 bene
1717 2535 1760 2571 et
1783 2528 1828 2571 in
1850 2542 1959 2584 pace
1981 2527 2025 2569 in
2048 2527 2254 2570 omnibus

456 2605 499 2640 et
535 2612 613 2653 per
647 2598 798 2641 omnia
835 2599 949 2642 sicut
987 2600 1147 2655 aliquis
1187 2615 1364 2644 annuus
1398 2599 1598 2643 redditus
1633 2599 1678 2641 in
1715 2613 1871 2654 puram
1909 2603 1952 2640 et
1993 2602 2253 2652 perpetuam

457 2667 736 2710 elimosinam
779 2669 965 2711 ecclesie
1006 2671 1138 2712 datur
1178 2670 1436 2713 conceditur
1481 2676 1558 2712 aut
1599 2668 1852 2724 possidetur
1892 2667 2005 2710 infra
2047 2669 2254 2722 Regnum

457 2737 600 2779 scocie
642 2738 736 2780 sine
771 2739 1061 2783 reuocacione
1094 2741 1419 2784 reclamacione
1450 2746 1527 2783 aut
1561 2738 1912 2782 contradictione
1949 2737 2129 2792 aliquali
2165 2735 2251 2790 mej

455 2807 667 2849 heredum
710 2822 909 2851 meorum
951 2816 1027 2852 aut
1070 2811 1258 2854 aliorum
1301 2824 1666 2866 quorumcunque
1709 2809 1992 2852 INSUPER
2028 2806 2256 2849 Noueritis

456 2891 526 2918 me
563 2877 736 2920 dedisse
772 2880 1046 2922 concessisse
1083 2888 1126 2923 et
1162 2882 1247 2924 hac
1284 2881 1476 2936 presentj
1514 2887 1637 2922 carta
1674 2894 1773 2922 mea
1811 2879 2100 2921 confirmasse
2136 2875 2254 2917 dicto

456 2947 687 3000 capellano
728 2956 940 3003 perpetuo
982 2950 1137 2993 altaris
1185 2951 1327 3006 sanctj
1372 2950 1551 3005 martinj
1600 2964 1738 2993 vnum
1785 2962 1984 2992 annuum
2034 2945 2254 2989 redditum
