2524 3418
82 1872 138 1904 sol.
158 1874 217 1907 752

389 322 468 364 188
994 326 1124 368 Carta
1154 325 1355 366 Niclzolai
1387 325 1552 366 baxstar

384 436 491 479 feria
525 440 718 480 secunda
754 454 886 481 vnam
926 439 1109 481 missam
1147 440 1200 480 de
1242 438 1434 493 quinque
1466 438 1704 481 wlneribus
1740 438 1894 481 christi
1936 453 2012 493 per
2047 453 2183 481 vnum

384 505 602 547 dictorum
619 507 951 560 capellanorum
967 514 1012 547 vt
1029 507 1163 547 moris
1178 513 1244 547 est
1261 508 1315 548 ad
1331 507 1471 548 altare
1487 513 1640 548 sancte
1656 506 1799 548 crucis
1817 506 1860 547 in
1875 506 1979 548 naui
1998 506 2184 548 ecclesie

385 581 609 615 setuatum
635 574 689 615 lie
714 576 878 616 broune
911 589 1037 616 croce
1069 574 1292 627 wlgariter
1322 581 1478 616 vocate
1513 575 1699 616 Necnon
1732 574 1775 615 in
1808 574 1877 616 die
1909 573 2056 615 obitus
2089 588 2185 615 mee

385 642 617 682 annuatim
653 642 860 695 exequias
893 648 1167 683 mortuorum
1192 656 1292 682 cum
1326 642 1510 696 placebo
1533 648 1574 682 et
1608 641 1745 696 dirige
1778 641 1915 683 missa
1949 642 2112 683 denota
2144 647 2187 683 et

383 710 606 764 trigentali
641 725 717 764 per
754 711 1025 752 ebdomitam
1060 711 1316 753 immediate
1350 717 1609 765 sequentem
1652 717 1699 752 ut
1743 710 1878 752 moris
1915 717 1982 752 est
2019 711 2184 764 Imper-

383 787 564 831 petuum
609 793 685 832 pro
729 779 872 820 salute
916 779 1062 820 anime
1106 793 1201 820 mee
1253 785 1295 820 et
1347 779 1595 820 animarum
1651 778 1950 833 predictarum
1995 779 2185 832 Insuper

382 847 591 887 collector
613 846 831 888 dictorum
857 847 1187 901 capellanorum
1213 846 1285 901 qui
1309 861 1386 901 pro
1418 854 1617 901 tempore
1646 846 1776 888 fuerit
1809 861 2045 901 preconem
2080 860 2182 888 cum

381 928 599 968 campana
624 915 821 956 manuali
845 921 988 956 totum
1013 914 1224 969 oppidum
1248 914 1480 956 circumire
1502 914 1634 956 faciet
1662 914 1705 955 in
1735 914 1804 956 die
1827 914 2111 968 exequiarum
2135 919 2183 955 ut

381 981 589 1023 incitetur
610 983 800 1036 populus
833 984 887 1024 ad
921 984 1250 1036 deprecandum
1283 997 1361 1036 pro
1394 982 1568 1024 saulute
1601 982 1851 1024 animarum
1884 981 2182 1036 predictarum

380 1050 577 1091 tabulam
612 1064 743 1104 super
775 1057 1116 1092 monumentum
1150 1065 1298 1092 meum
1332 1057 1465 1104 ponet
1505 1051 1629 1092 Idem
1663 1050 1797 1104 pallio
1829 1049 1924 1091 siue
1957 1048 2183 1104 cooptorio

380 1118 567 1159 honesto
591 1119 812 1172 cooperiet
837 1118 1074 1160 luminaria
1098 1133 1225 1160 cerea
1261 1118 1465 1160 Inueniet
1489 1125 1531 1160 et
1554 1119 1734 1160 demum
1759 1117 1992 1160 sacristam
2016 1117 2185 1172 prefate

379 1185 564 1227 ecclesie
607 1200 851 1240 campanos
892 1186 1008 1228 trina
1050 1186 1145 1228 vice
1183 1187 1249 1228 Ad
1293 1186 1510 1228 eiusmodi
1553 1186 1763 1240 exequias
1805 1193 1847 1228 et
1885 1185 2091 1228 similiter
2127 1186 2183 1227 ad

381 1253 564 1295 missam
588 1254 754 1308 pulsari
777 1254 909 1296 faciet
933 1254 1138 1309 expensis
1161 1254 1378 1296 dictorum
1405 1255 1737 1309 capellanorum
1762 1261 1808 1296 ut
1833 1269 1982 1296 coram
2007 1267 2183 1296 summo

382 1322 532 1364 Iudice
564 1324 828 1377 respondere
851 1323 988 1364 velint
1023 1337 1108 1377 quo
1141 1322 1324 1364 seruitio
1357 1322 1600 1365 defeciente
1633 1324 1748 1377 quod
1781 1322 1896 1365 absit
1930 1321 2184 1364 conditione

379 1390 553 1433 adiecta
576 1392 692 1444 quod
715 1391 900 1433 heredes
917 1391 1074 1446 prefati
1098 1391 1307 1445 nicholaij
1329 1391 1423 1432 sine
1441 1405 1706 1445 quocunque
1730 1391 1962 1433 obstaculo
1986 1390 2182 1432 habeant

378 1472 628 1513 regressum
671 1460 725 1500 ad
763 1459 1007 1514 predictam
1051 1465 1215 1500 terram
1248 1473 1349 1500 cum
1384 1458 1671 1513 pertinenciis
1705 1459 1995 1500 Reseruando
2026 1464 2180 1500 tamen

376 1541 453 1581 per
493 1527 643 1569 omnia
695 1527 814 1569 dicto
866 1526 1088 1568 nicholaio
1140 1526 1327 1568 liberum
1376 1526 1674 1568 tinementum
1727 1533 1770 1568 et
1821 1526 2179 1569 vsumfructuum

375 1593 574 1636 eiusdem
593 1601 782 1648 prototo
804 1601 1004 1648 tempore
1021 1594 1111 1635 vite
1135 1609 1212 1636 sue
1231 1601 1273 1635 et
1294 1594 1559 1636 Immediate
1577 1600 1677 1649 post
1699 1594 1870 1636 obitum
1893 1609 2022 1636 suum
2047 1594 2182 1636 intro-

376 1662 627 1703 mittentem
652 1676 752 1704 cum
776 1661 985 1717 proficuis
1007 1668 1050 1704 et
1073 1661 1289 1704 fructibus
1312 1661 1511 1703 eiusdem
1533 1668 1626 1703 tere
1654 1662 1746 1715 [sic]
1774 1676 1875 1704 cum
1894 1660 2182 1716 pertinenciis

375 1736 417 1771 et
441 1730 575 1772 etiarn
599 1730 816 1785 incipiens
840 1729 1072 1772 seruitium
1096 1736 1380 1784 prenotatum
1407 1736 1450 1771 et
1474 1729 1536 1772 sic
1560 1729 1829 1772 continuans
1851 1729 2179 1785 imperpetuum

375 1797 572 1840 Tantum
597 1813 675 1853 pro
707 1798 794 1840 alio
827 1797 1014 1840 seruicio
1044 1797 1231 1839 seculari
1255 1797 1485 1840 exactione
1518 1812 1596 1840 seu
1625 1798 1862 1840 Demanda
1884 1812 1968 1852 que
2000 1799 2053 1840 de
2085 1812 2180 1853 pre-

376 1866 495 1908 dicta
517 1873 633 1908 terra
656 1881 756 1908 cum
780 1865 1066 1921 pertinenciis
1098 1865 1351 1920 aliqualiter
1383 1865 1497 1921 exigi
1526 1865 1688 1920 poterit
1721 1872 1798 1908 aut
1827 1866 1990 1920 requiri
2015 1867 2074 1908 Et
2097 1880 2180 1921 ego

375 1948 478 1976 vero
496 1934 642 1976 dictus
659 1934 909 1976 nicholaius
926 1935 1108 1976 baxstar
1125 1934 1309 1975 heredes
1328 1933 1415 1976 mei
1432 1940 1475 1975 et
1498 1933 1715 1988 assignati
1732 1940 1874 1976 totam
1894 1940 1936 1976 et
1959 1933 2180 1989 integram

375 2001 541 2043 dictam
564 2009 727 2044 terram
751 2016 852 2043 cum
876 2001 1164 2056 pertinenciis
1196 2001 1378 2056 prefatis
1410 2008 1565 2043 curato
1588 2007 1631 2043 et
1664 2001 1907 2056 capellanis
1929 2008 1973 2043 et
1999 2008 2042 2044 et
2075 2002 2169 2055 [sic]

375 2084 526 2111 eorum
550 2069 882 2111 successoribus
904 2069 948 2110 in
971 2068 1178 2111 omnibus
1200 2075 1243 2110 et
1267 2083 1344 2123 per
1366 2068 1516 2111 omnia
1538 2075 1586 2111 ut
1609 2069 1876 2123 premissum
1899 2075 1966 2111 est
1989 2084 2067 2124 per
2087 2084 2180 2112 om—

375 2151 454 2178 nes
485 2144 626 2179 terras
648 2143 690 2179 et
713 2137 1019 2192 possessiones
1051 2151 1175 2178 meas
1197 2143 1352 2179 contra
1382 2151 1538 2179 omnes
1567 2137 1780 2179 mortales
1800 2137 2180 2180 varantizabimus

375 2205 731 2260 acquietabimus
764 2212 807 2247 et
846 2207 1181 2260 Imperpetuum
1224 2205 1513 2247 defendemus
1549 2205 1757 2247 omnibus
1796 2205 1950 2247 fraude
1991 2212 2035 2247 et
2077 2206 2179 2248 dolo

375 2273 561 2315 seclusis
595 2275 647 2314 In
680 2273 806 2315 cuius
842 2273 903 2315 rei
937 2272 1246 2314 testimonium
1284 2272 1479 2327 sigillum
1513 2287 1662 2314 meum
1699 2273 1924 2327 proprium
1957 2287 2044 2315 vna
2077 2287 2178 2315 cum

375 2341 518 2396 sigillo
556 2341 828 2383 honorabilis
860 2340 941 2382 viri
983 2340 1203 2382 Willelmi
1240 2341 1412 2382 rolland
1448 2340 1579 2382 vnius
1614 2340 1880 2382 balliuorum
1913 2340 2019 2383 dicti
2051 2341 2178 2396 burgi

375 2425 425 2452 ac
458 2409 625 2452 datoris
658 2409 804 2451 sasine
836 2408 1092 2451 huiusmodi
1125 2409 1406 2463 presentibus
1438 2415 1540 2450 sunt
1573 2423 1772 2463 appensa
1807 2410 1937 2463 Apud
1970 2409 2179 2452 abirdene

374 2480 570 2520 secundo
610 2477 680 2520 die
722 2476 890 2518 mensis
937 2476 1088 2531 aprilis
1138 2477 1268 2518 Anno
1310 2475 1478 2518 domini
1530 2476 1768 2518 millesimo
1819 2476 2178 2531 quingentesimo

373 2547 589 2602 vigesimo
631 2546 821 2600 septimo
863 2559 1012 2587 coram
1054 2544 1245 2586 testibus
1286 2543 1483 2599 prouidis
1522 2543 1628 2586 viris
1669 2544 1802 2586 dauid
1845 2544 1962 2586 lame
2012 2546 2178 2588 andrea

374 2616 578 2658 craufurd
615 2614 793 2656 Iuniore
830 2614 996 2654 andrea
1038 2613 1169 2667 durty
1204 2612 1444 2654 alexandro
1485 2611 1573 2666 hay
1605 2611 1738 2654 dauid
1780 2626 1960 2667 murray
1991 2613 2178 2667 burgen-

374 2684 496 2726 sibus
518 2685 570 2725 de
594 2683 801 2725 abirdene
824 2681 958 2723 dauid
981 2680 1149 2722 heroun
1168 2679 1403 2734 sergiando
1425 2685 1468 2721 et
1491 2678 1705 2733 magistro
1730 2680 1898 2721 Ioanne
1916 2679 2177 2722 nicholsone

373 2753 546 2796 notario
597 2752 773 2808 publico
824 2765 925 2793 curn
973 2750 1161 2792 diuersis
1207 2749 1308 2804 alijs
1355 2750 1410 2791 ad
1458 2748 1675 2803 premissa
1715 2748 1887 2791 vocatis
1927 2748 2093 2803 pariter
2133 2755 2176 2791 et

374 2823 540 2878 rogatis

2500 2807 2524 3418 ··-7*‹³=·P‘4{=³-=n=—-a——-—
2519 2788 2524 2796 .
