2524 3418
811 336 942 378 Carta
972 333 1133 376 domini
1163 331 1338 375 villelmi
1367 335 1528 388 cowpar
1991 341 2073 384 179

263 453 345 496 tim
397 460 440 495 et
492 452 819 506 imperpetuum
870 464 1004 492 vnam
1058 448 1242 491 missam
1293 454 1501 489 vocatam
1543 445 1728 488 terciam
1781 444 1964 486 missam
2018 445 2073 486 ad

263 523 403 565 altare
445 523 677 564 beatorum
719 521 872 562 thome
914 526 957 561 et
999 518 1164 573 georgii
1207 517 1398 572 apostoli
1435 523 1478 559 et
1517 515 1712 558 martiris
1753 514 1865 556 infra
1907 514 2072 556 dictam

262 593 498 635 ecclesiam
527 590 828 647 parochialem
855 589 945 631 diui
978 589 1154 643 nicolaij
1191 590 1243 630 de
1276 587 1484 630 abirdene
1516 601 1594 641 pro
1624 585 1769 627 salute
1798 583 1946 626 anime
1976 598 2072 624 mee

262 669 305 705 et
329 663 582 705 animarum
606 660 807 703 omnium
840 659 1140 714 predictarum
1174 664 1373 712 tempore
1407 671 1602 711 congruo
1633 661 1679 696 vt
1713 669 1861 696 coram
1896 667 2072 694 summo

265 732 418 774 Iudice
450 732 495 773 in
529 731 598 772 die
631 730 816 772 extremi
851 729 1009 771 Iudicii
1031 729 1103 770 vbi
1126 728 1340 770 reddituri
1364 734 1467 769 sunt
1491 728 1544 768 de
1566 725 1696 768 factis
1729 724 1821 766 suis
1852 722 2071 765 rationem

261 803 528 856 respondere
549 800 769 842 voluerint
798 800 985 841 Necnon
1017 799 1240 840 reddendo
1274 797 1507 840 annuatim
1532 798 1584 838 de
1608 795 1727 837 dicta
1748 801 1866 836 terra
1890 793 2072 835 Iacente

262 873 381 926 apud
404 877 578 926 portam
603 871 825 912 latronum
859 869 1090 923 capellano
1123 874 1337 923 perpetuo
1361 867 1514 910 altaris
1537 865 1642 908 dicti
1665 865 1818 907 thome
1840 870 1882 905 et
1905 861 2071 917 georgii

259 941 451 996 apostoli
491 947 533 982 et
571 940 767 982 martiris
803 954 940 981 vnum
978 954 1177 981 annuum
1215 938 1435 980 redditum
1473 935 1710 979 tresdecim
1749 934 1989 976 solidorum
2028 937 2071 973 et

258 1019 451 1066 quatuor
474 1010 754 1053 denariorum
780 1011 839 1051 Et
867 1009 1100 1063 capellano
1133 1015 1346 1063 perpetuo
1380 1014 1534 1049 sancte
1567 1005 1710 1048 crucis
1732 1005 1776 1046 in
1800 1003 1910 1045 solio
1931 1016 2068 1044 vnum

254 1096 453 1123 annuum
471 1080 692 1122 redditum
712 1086 902 1133 quatuor
919 1079 1161 1121 solidorum
1183 1078 1352 1120 vsualis
1375 1084 1553 1119 monete
1570 1075 1693 1130 regni
1712 1074 1855 1116 scocie
1878 1074 1934 1115 ad
1956 1073 2068 1114 duos

259 1151 365 1193 anni
391 1151 606 1193 terminos
628 1150 806 1191 vsuales
832 1150 1147 1204 penthecostes
1169 1148 1374 1190 videlicet
1398 1154 1440 1189 et
1464 1146 1608 1189 sancti
1638 1144 1818 1187 martini
1840 1143 1885 1185 in
1908 1143 2067 1197 hyeme

254 1235 332 1275 per
353 1221 533 1275 equales
555 1222 666 1262 duas
698 1220 868 1262 medias
900 1219 1126 1274 portiones
1156 1220 1218 1260 Ac
1252 1218 1387 1260 etiam
1417 1218 1619 1260 faciendo
1650 1229 1856 1270 supremo
1886 1211 2067 1255 domino

254 1297 408 1332 nostro
439 1290 531 1345 regi
565 1297 608 1332 et
647 1290 738 1332 suis
770 1290 1102 1332 successoribus
1138 1289 1316 1343 regibus
1349 1288 1493 1330 scocie
1530 1286 1769 1329 seruicium
1801 1281 2065 1337 burgagium

256 1362 365 1403 Inde
403 1361 602 1403 debitum
640 1367 682 1402 et
719 1367 984 1402 consuetum
1017 1359 1217 1402 Tantum
1255 1374 1333 1413 pro
1367 1358 1489 1400 omni
1527 1358 1614 1399 alio
1651 1354 1839 1398 seruicio
1877 1350 2066 1395 seculari

253 1431 483 1473 exactione
513 1446 590 1473 seu
620 1432 841 1473 demanda
864 1446 947 1485 que
970 1432 1023 1473 de
1046 1429 1256 1485 predictis
1285 1429 1447 1471 annuis
1475 1427 1720 1470 redditibus
1743 1431 1785 1466 et
1807 1423 1937 1466 terris
1963 1436 2065 1464 cum

252 1501 538 1555 pertinenciis
561 1501 814 1556 aliqualiter
835 1501 949 1555 exigi
972 1500 1133 1555 poterit
1163 1507 1240 1542 aut
1262 1499 1424 1554 requiri
1449 1500 1508 1541 Et
1532 1513 1613 1553 ego
1634 1511 1737 1538 vero
1760 1495 1905 1537 dictus
1928 1491 2066 1534 domi-

252 1583 336 1610 nus
357 1569 581 1611 villelmus
614 1584 779 1624 coupar
810 1570 995 1611 heredes
1018 1569 1104 1610 mei
1131 1575 1174 1610 et
1202 1567 1418 1623 assignati
1447 1581 1603 1609 omnes
1626 1572 1668 1608 et
1692 1563 1891 1618 singulos
1923 1561 2067 1603 dictos

252 1652 425 1680 annuos
456 1639 655 1680 redditus
687 1645 730 1680 et
762 1646 903 1681 terras
936 1638 1263 1693 suprascriptas
1295 1652 1396 1679 cum
1430 1634 1717 1691 pertinenciis
1749 1631 1880 1675 dictis
1912 1636 2066 1672 curato

253 1715 296 1750 et
329 1708 573 1763 capellanis
605 1715 648 1750 et
682 1709 773 1750 suis
803 1708 1135 1751 successoribus
1165 1707 1409 1762 capellanis
1435 1706 1541 1749 dicti
1572 1704 1693 1748 chori
1716 1703 1761 1745 in
1784 1701 1990 1744 omnibus
2022 1705 2065 1740 et

253 1791 331 1830 per
351 1776 502 1818 omnia
530 1783 576 1818 vt
609 1776 875 1831 premissum
909 1784 975 1818 est
1008 1791 1270 1831 peromnes
1301 1782 1444 1817 terras
1476 1782 1519 1817 et
1551 1772 1857 1829 possessiones
1889 1775 2066 1812 nostras

253 1853 408 1888 contra
437 1861 592 1888 omnes
622 1848 834 1889 mortales
862 1846 1243 1889 varantizabimus
1270 1845 1625 1900 acquietabimus
1654 1859 1705 1886 ac
1737 1843 2065 1896 imperpetuum

253 1914 541 1956 defendemus
587 1915 793 1957 omnibus
835 1915 935 1957 dolo
977 1921 1020 1957 et
1060 1915 1214 1956 fraude
1261 1914 1447 1956 seclusis
1491 1915 1556 1955 IN
1602 1912 1797 1955 CUIUS
1839 1909 1900 1951 rei
1942 1907 2065 1950 testi-

253 1983 452 2025 monium
486 1983 681 2038 sigillum
715 1998 864 2025 meum
895 1983 1121 2038 proprium
1148 1997 1341 2024 vnacum
1375 1997 1475 2024 mea
1509 1979 1834 2035 subscriptione
1866 1975 2065 2019 manuali

251 2054 316 2094 Ac
339 2052 474 2094 etiam
499 2052 899 2107 subscriptionibus
922 2051 1207 2093 manualibus
1230 2051 1410 2093 maioris
1433 2050 1571 2105 partis
1594 2049 1815 2091 dictorum
1843 2045 2064 2100 capellan-

253 2136 378 2163 orum
402 2121 446 2162 in
470 2121 647 2176 signum
681 2128 892 2176 perpetue
924 2120 1250 2174 obseruationis
1283 2127 1326 2162 et
1359 2118 1712 2174 perimpletionis
1745 2115 2062 2172 premissorum

253 2191 534 2245 presentibus
567 2198 634 2233 est
667 2206 916 2246 appensum
949 2192 1079 2246 Apud
1112 2191 1321 2232 abirdene
1353 2190 1569 2244 vigesimo
1606 2194 1763 2243 quarto
1796 2186 1866 2229 die
1897 2183 2065 2226 mensis

253 2259 432 2314 augusti
455 2274 573 2302 anno
596 2260 765 2302 domini
798 2260 1036 2302 millesimo
1069 2260 1428 2315 quingentesimo
1460 2258 1690 2314 trigesimo
1717 2263 1877 2299 octauo
1902 2257 2063 2298 Coram

252 2328 443 2371 testibus
479 2329 814 2372 honorabilibus
851 2337 894 2372 et
932 2330 1129 2386 prouidis
1164 2330 1270 2371 viris
1312 2330 1467 2372 thoma
1510 2328 1705 2370 menzeis
1746 2325 1970 2382 preposito
2012 2325 2065 2365 de

252 2397 460 2440 abirdene
493 2400 658 2442 andrea
696 2400 892 2441 menzeis
928 2400 1062 2442 dauid
1099 2401 1346 2441 andersone
1382 2399 1621 2441 alexandro
1658 2396 1886 2452 ruyerfurd
1922 2394 2065 2436 tribus

253 2467 519 2510 balliuorum
543 2469 649 2511 dicti
682 2470 807 2524 burgi
832 2471 892 2512 Et
915 2470 1130 2525 magistro
1160 2470 1361 2512 Iohanne
1394 2468 1655 2511 nicholsone
1681 2466 1855 2509 notario
1887 2463 2063 2519 publico

370 2607 559 2661 Insuper
580 2622 661 2662 ego
684 2607 830 2650 dictus
852 2608 1060 2650 dominus
1076 2607 1313 2650 willelmus
1336 2621 1512 2661 cowpar
1528 2604 1751 2647 infeodaui
1774 2611 1817 2646 et
1840 2603 2063 2644 infeodare

251 2675 335 2716 feci
367 2676 696 2731 suprascriptos
728 2684 932 2719 curatum
970 2683 1012 2719 et
1051 2677 1308 2731 capellanos
1341 2682 1383 2717 et
1421 2690 1525 2717 suos
1563 2687 1845 2716 successores
1881 2671 1925 2712 in
1963 2669 2062 2711 aliis

251 2744 394 2787 tribus
425 2745 548 2787 libris
580 2753 622 2787 et
655 2753 756 2788 octo
789 2746 942 2788 solidis
975 2753 1153 2787 monete
1186 2745 1330 2787 scocie
1360 2745 1495 2787 annui
1527 2743 1727 2785 redditus
1760 2737 2062 2795 Suprascripti

253 2814 380 2856 crofti
412 2815 628 2857 Iohannis
657 2817 869 2858 collisone
901 2817 945 2858 in
979 2816 1360 2871 agmentationem
1389 2814 1690 2869 suprascripte
1719 2810 1993 2854 fundationis
2020 2816 2062 2850 et

253 2899 350 2926 mee
400 2885 662 2927 intentionis
704 2888 850 2943 Quam
893 2902 1116 2939 summam
1160 2901 1260 2928 cum
1304 2886 1478 2940 integra
1531 2899 1706 2926 summa
1759 2880 2063 2936 suprascripta

253 2969 502 3002 annuorum
539 2957 792 2999 reddituum
830 2964 872 2999 et
911 2958 1140 3000 firmarum
1177 2964 1397 2998 terrarum
1435 2954 1840 3010 suprascriptarum
1876 2950 1976 2992 volo
2018 2955 2061 2990 et
