2524 3418
484 313 737 356 Presentatio
772 312 987 369 Capdlam'
1017 312 1073 354 ad
1101 312 1232 355 altare
1264 312 1410 355 Sancti
1439 312 1628 355 Niniani
1904 324 1958 367 45

150 429 282 473 terris
313 429 425 472 meis
456 429 502 472 in
533 429 643 484 tolly
665 443 776 484 quas
804 428 891 470 emi
921 429 1145 483 quondam
1175 443 1200 470 a
1231 428 1432 470 Iohanne
1459 428 1600 470 fraser
1622 427 1766 470 decim
1799 428 1964 469 solidos

151 499 391 543 Tenendos
410 506 452 542 et
471 499 701 542 habendos
723 498 842 540 dicto
865 497 996 540 altari
1015 504 1057 540 et
1074 497 1149 539 vni
1173 498 1404 552 capellano
1425 497 1595 539 Ibidem
1620 497 1863 539 celebranti
1886 512 1964 551 pro

153 569 390 613 animabus
419 568 688 624 supradictis
721 567 1049 622 imperpetuum
1084 567 1218 610 libere
1251 567 1398 622 quiete
1431 568 1541 610 bene
1574 573 1616 609 et
1650 566 1694 608 in
1727 581 1836 621 pace
1870 566 1964 608 sine

154 640 303 695 aliqua
347 638 686 682 Reclamatione
728 638 814 680 mei
855 638 923 680 vel
966 638 1180 680 heredum
1217 652 1417 680 meorum
1461 637 1586 679 saluo
1627 642 1805 679 tantum
1849 638 1965 690 quod

155 710 435 765 presentacio
470 709 577 752 dicti
610 708 828 764 capellanj
864 715 1095 750 remaneat
1130 708 1266 750 michi
1299 714 1342 750 et
1375 707 1613 750 heredibus
1650 706 1762 749 meis
1792 707 1966 761 quoties

155 779 302 835 ipsum
332 779 614 834 capellanum
638 780 793 821 cedere
814 778 883 820 vel
907 778 1133 820 discedere
1156 777 1424 832 contingerit
1447 778 1515 820 Ad
1534 792 1667 832 quam
1692 776 1965 819 solucionem

157 850 346 893 fideliter
384 849 634 892 faciendam
677 849 772 891 sine
816 849 969 891 fraude
1012 849 1173 903 Obligo
1220 849 1405 891 heredes
1451 863 1575 890 meos
1618 847 1882 890 Successiue
1923 853 1966 890 et

157 933 313 961 omnes
334 925 475 962 terras
498 933 622 961 meas
644 924 687 960 et
709 918 1016 973 possessiones
1046 933 1169 960 meas
1198 918 1376 961 habitas
1405 924 1447 960 et
1477 919 1706 961 habendas
1727 924 1821 960 tam
1846 918 1968 960 Infra

158 990 346 1044 burgum
379 1003 513 1043 quam
551 994 675 1031 extra
704 994 747 1030 et
779 987 973 1030 officium
1006 1002 1155 1030 meum
1193 988 1361 1043 ostiarij
1403 989 1584 1043 Capelle
1622 988 1789 1031 domini
1827 988 1968 1031 nostri

160 1058 297 1113 Regis
317 1058 410 1100 fore
433 1057 788 1112 distringendum
812 1071 889 1111 per
911 1056 1170 1111 episcopum
1193 1057 1545 1100 Abirdonensem
1570 1057 1643 1112 qui
1666 1073 1744 1112 pro
1766 1064 1967 1113 tempore

155 1127 287 1170 fuerit
316 1133 359 1170 et
388 1126 664 1182 prepositum
688 1128 741 1170 de
762 1126 984 1170 Abirdene
1015 1127 1051 1169 si
1085 1142 1197 1182 opus
1225 1127 1355 1169 fuerit
1387 1142 1526 1181 Vsque
1555 1129 1610 1170 ad
1639 1128 1817 1182 plenam
1853 1128 1968 1170 solu-

157 1197 331 1240 cionem
352 1197 603 1240 faciendam
634 1197 866 1252 capellano
889 1197 1087 1252 predicto
1112 1198 1449 1252 Imperpetuum
1474 1198 1573 1252 Ego
1591 1212 1692 1239 vero
1710 1198 1970 1240 Willelmus

158 1268 211 1310 de
234 1282 411 1310 camera
433 1273 476 1310 et
499 1267 685 1310 heredes
717 1266 804 1309 mei
837 1267 981 1310 dictas
1004 1282 1080 1309 sex
1102 1267 1237 1310 libras
1266 1267 1504 1309 trisdecem
1528 1267 1693 1309 solidos
1716 1274 1758 1310 et
1781 1274 1972 1322 quatuor

158 1337 365 1381 denarios
400 1344 447 1380 vt
484 1337 839 1393 suprascriptum
882 1345 949 1380 est
992 1338 1111 1381 dicto
1148 1337 1277 1381 altari
1320 1344 1363 1380 et
1400 1338 1474 1380 vni
1518 1338 1762 1392 Capellano
1798 1338 1969 1381 Ibidem

159 1408 399 1463 celebrantj
425 1423 503 1463 pro
525 1415 739 1464 perpetuo
760 1409 1140 1452 varantizabimus
1172 1408 1529 1463 acquietabimus
1561 1415 1604 1450 et
1635 1410 1970 1463 Imperpetuum

158 1478 447 1521 defendemus
464 1480 517 1522 de
536 1478 696 1534 quibus
714 1494 790 1521 sex
807 1479 930 1522 libris
947 1479 1174 1521 trisdecim
1199 1479 1364 1521 solidos
1387 1485 1429 1521 et
1453 1485 1644 1533 quatuor
1658 1478 1863 1521 denarios
1881 1479 1969 1530 (sic)

159 1546 489 1602 possessionem
507 1554 550 1590 et
569 1547 777 1591 Sasinam
795 1547 958 1591 tradidi
976 1547 1278 1603 Corporaliter
1295 1547 1414 1590 dicto
1429 1547 1570 1602 Altarj
1592 1554 1635 1590 et
1649 1548 1722 1602 vnj
1741 1548 1973 1602 capellano

162 1616 333 1660 Ibidem
363 1617 606 1661 celebranti
638 1619 974 1673 Imperpetuum
998 1619 1059 1660 Et
1083 1617 1119 1660 si
1141 1617 1303 1672 aliquis
1331 1618 1545 1660 heredum
1575 1632 1775 1660 meorum
1806 1618 1972 1660 dictam

161 1701 385 1730 summam
407 1687 452 1730 in
474 1694 570 1731 toto
591 1688 660 1731 vel
683 1688 728 1730 in
751 1695 876 1743 parte
899 1703 924 1731 a
947 1688 1066 1731 dicto
1089 1688 1321 1744 capellano
1344 1688 1612 1731 subtraxerit
1639 1688 1770 1731 liceat
1793 1688 1974 1730 domino

160 1756 417 1800 dioceciano
446 1757 520 1812 qui
552 1772 631 1813 pro
663 1764 865 1813 tempore
895 1757 1026 1801 fuerit
1058 1759 1385 1801 subtractorem
1415 1758 1681 1812 compellere
1711 1757 1875 1800 virtute
1905 1757 1971 1812 suj

162 1826 292 1882 officij
328 1832 371 1870 et
403 1826 448 1869 in
480 1826 677 1883 periculo
709 1827 858 1871 anime
890 1843 969 1871 sue
998 1829 1226 1884 Vsque-ad
1261 1827 1508 1883 plenariam
1546 1827 1820 1870 solucionem
1858 1827 1975 1870 dicte

162 1911 338 1940 summe
370 1897 623 1942 ordinatam
655 1898 845 1942 fideliter
874 1898 1126 1942 faciendam
1161 1900 1214 1942 In
1247 1898 1387 1942 Cuius
1421 1897 1504 1941 Rei
1535 1897 1846 1941 testimonium
1879 1912 1975 1952 pre-

163 1966 280 2010 senti
322 1974 443 2011 carte
485 1982 583 2011 mee
625 1967 833 2024 Sigillum
875 1983 1025 2012 meum
1067 1968 1253 2024 apposuj
1294 1974 1337 2011 et
1374 1982 1476 2011 cum
1515 1967 1741 2011 Instantia
1779 1966 1974 2022 sigillum

162 2037 331 2081 domini
364 2038 451 2081 mei
485 2038 865 2094 Reuerendissimj
900 2038 945 2082 in
978 2038 1160 2083 Christo
1189 2038 1330 2094 patris
1357 2037 1532 2094 gilbertj
1568 2038 1637 2081 dei
1669 2037 1815 2093 gratia
1847 2037 1977 2092 Epis-

165 2106 263 2163 copi
292 2107 616 2151 Abirdonensis
638 2108 741 2152 huic
764 2108 961 2164 presenti
990 2115 1111 2152 carte
1140 2108 1304 2164 apponi
1333 2107 1567 2164 procurauj
1599 2108 1730 2163 Apud
1755 2106 1979 2150 Abirdene

164 2178 413 2233 penultimo
445 2178 516 2222 die
548 2179 716 2222 mensis
750 2179 1028 2235 Septembris
1055 2181 1186 2222 Anno
1215 2179 1383 2223 domini
1416 2178 1655 2221 millesimo
1685 2177 1981 2233 quadringen-

165 2247 328 2291 tesimo
365 2248 538 2292 decimo
575 2249 767 2305 septimo
804 2249 891 2292 hiis
927 2250 1118 2293 testibus
1150 2250 1328 2293 Thoma
1362 2250 1496 2292 Roull
1528 2256 1636 2292 tunc
1668 2248 1893 2303 preposito
1927 2249 1979 2289 de

166 2318 390 2362 Abirdene
417 2320 597 2362 Andrea
625 2319 810 2375 giffarde
837 2320 994 2363 thoma
1023 2321 1143 2364 lamb
1174 2321 1374 2363 Iohanne
1399 2320 1549 2363 fechat
1584 2319 1810 2361 Richardo
1832 2319 1980 2360 fechat

169 2388 371 2431 Iohanne
402 2389 494 2432 filio
526 2390 695 2446 henricj
730 2391 886 2434 thoma
913 2391 1087 2447 vmfray
1116 2397 1158 2434 et
1194 2392 1391 2435 Roberto
1423 2390 1514 2434 filio
1546 2388 1761 2432 Iohannis
1792 2390 1980 2443 burgen-

167 2457 291 2502 sibus
313 2460 366 2502 de
388 2460 611 2504 Abirdene
634 2476 735 2504 curn
759 2461 914 2504 multis
936 2462 1037 2517 alijs

286 2530 474 2574 Summa
496 2530 630 2575 huius
652 2532 913 2588 Capellanie
933 2533 974 2588 vj
1001 2532 1061 2576 lib
1083 2532 1158 2588 xiij
1176 2547 1197 2575 s
1219 2538 1261 2576 et
1285 2532 1329 2588 iij
1347 2533 1374 2576 d

1001 2716 1155 2757 XXII.

288 2808 649 2851 EUERENDO
687 2807 732 2850 in
770 2808 952 2852 Christo
983 2808 1100 2864 patri
1132 2823 1183 2851 ac
1216 2807 1396 2851 domino
1428 2806 1608 2851 domino
1644 2805 1876 2851 Willelmo
1913 2804 1982 2847 dei

346 2882 389 2919 et
440 2877 697 2932 Apostolice
752 2878 882 2921 Sedis
936 2878 1082 2938 gratia
1136 2877 1362 2933 Episcopo
1412 2875 1710 2920 Abirdonensi
1767 2881 1844 2918 aut
1903 2889 1983 2917 suo

169 2945 335 2990 vicario
366 2947 563 3002 generali
595 2947 640 2989 in
673 2947 979 3003 spiritualibus
1004 2949 1257 2991 Alexander
1288 2949 1423 3002 Iruyn
1456 2948 1509 2989 de
1538 2948 1739 2988 drvmme
1767 2951 1984 3000 patronus

2011 2813 2068 2846 fol.
2090 2814 2129 2844 ‘21
2142 2811 2153 2832 1
