<?xml version="1.0" encoding="UTF-8"?>
<!DOCTYPE html PUBLIC "-//W3C//DTD XHTML 1.0 Transitional//EN"
    "http://www.w3.org/TR/xhtml1/DTD/xhtml1-transitional.dtd">
<html xmlns="http://www.w3.org/1999/xhtml" xml:lang="en" lang="en">
 <head>
  <title>
</title>
<meta http-equiv="Content-Type" content="text/html;charset=utf-8" />
  <meta name='ocr-system' content='tesseract 3.04.00' />
  <meta name='ocr-capabilities' content='ocr_page ocr_carea ocr_par ocr_line ocrx_word'/>
</head>
<body>
  <div class='ocr_page' id='page_1' title='image "./cartulariumeccle01sainuoft_0256.png"; bbox 0 0 2524 3418; ppageno 0'>
   <div class='ocr_carea' id='block_1_1' title="bbox 165 1261 424 1518">
    <p class='ocr_par' dir='ltr' id='par_1_1' title="bbox 165 1261 424 1518">
     <span class='ocr_line' id='line_1_1' title="bbox 167 1261 409 1301; baseline -0.004 -10"><span class='ocrx_word' id='word_1_1' title='bbox 167 1261 289 1291; x_wconf 82' lang='lat' dir='ltr'>Obitus</span> <span class='ocrx_word' id='word_1_2' title='bbox 305 1269 409 1301; x_wconf 90' lang='lat' dir='ltr'>quon-</span> 
     </span>
     <span class='ocr_line' id='line_1_2' title="bbox 166 1302 424 1335; baseline -0.008 -1"><span class='ocrx_word' id='word_1_3' title='bbox 166 1304 243 1334; x_wconf 86' lang='lat' dir='ltr'>dam</span> <span class='ocrx_word' id='word_1_4' title='bbox 263 1302 424 1335; x_wconf 80' lang='lat' dir='ltr'>Iohannis</span> 
     </span>
     <span class='ocr_line' id='line_1_3' title="bbox 165 1354 364 1387; baseline -0.015 -8"><span class='ocrx_word' id='word_1_5' title='bbox 165 1357 315 1387; x_wconf 66' lang='lat' dir='ltr'>crommy</span> <span class='ocrx_word' id='word_1_6' title='bbox 332 1354 364 1377; x_wconf 86' lang='lat' dir='ltr'>et</span> 
     </span>
     <span class='ocr_line' id='line_1_4' title="bbox 167 1389 399 1422; baseline -0.009 0"><span class='ocrx_word' id='word_1_7' title='bbox 167 1391 302 1422; x_wconf 80' lang='lat' dir='ltr'>cristine</span> <span class='ocrx_word' id='word_1_8' title='bbox 320 1389 399 1420; x_wconf 86' lang='lat' dir='ltr'>mel-</span> 
     </span>
     <span class='ocr_line' id='line_1_5' title="bbox 167 1433 351 1464; baseline 0 0"><span class='ocrx_word' id='word_1_9' title='bbox 167 1435 262 1464; x_wconf 88' lang='lat' dir='ltr'>drum</span> <span class='ocrx_word' id='word_1_10' title='bbox 279 1433 351 1464; x_wconf 89' lang='lat' dir='ltr'>eius</span> 
     </span>
     <span class='ocr_line' id='line_1_6' title="bbox 167 1487 289 1518; baseline 0.008 -10"><span class='ocrx_word' id='word_1_11' title='bbox 167 1487 289 1518; x_wconf 86' lang='lat' dir='ltr'>sponse</span> 
     </span>
    </p>
   </div>
   <div class='ocr_carea' id='block_1_2' title="bbox 169 2297 307 2330">
    <p class='ocr_par' dir='ltr' id='par_1_2' title="bbox 169 2297 307 2330">
     <span class='ocr_line' id='line_1_7' title="bbox 169 2297 307 2330; baseline 0.014 -2"><span class='ocrx_word' id='word_1_12' title='bbox 169 2298 225 2329; x_wconf 78' lang='lat' dir='ltr'>sol.</span> <span class='ocrx_word' id='word_1_13' title='bbox 243 2299 283 2330; x_wconf 84' lang='lat'>90</span> <span class='ocrx_word' id='word_1_14' title='bbox 295 2297 307 2316; x_wconf 89' lang='lat'>&#39;·&#39;</span> 
     </span>
    </p>
   </div>
   <div class='ocr_carea' id='block_1_3' title="bbox 169 2384 414 2728">
    <p class='ocr_par' dir='ltr' id='par_1_3' title="bbox 169 2384 414 2728">
     <span class='ocr_line' id='line_1_8' title="bbox 170 2384 412 2425; baseline -0.008 -9"><span class='ocrx_word' id='word_1_15' title='bbox 170 2384 291 2416; x_wconf 85' lang='lat' dir='ltr'>Obitus</span> <span class='ocrx_word' id='word_1_16' title='bbox 307 2393 412 2425; x_wconf 79' lang='lat' dir='ltr'>quon-</span> 
     </span>
     <span class='ocr_line' id='line_1_9' title="bbox 169 2427 350 2458; baseline 0 0"><span class='ocrx_word' id='word_1_17' title='bbox 169 2427 246 2458; x_wconf 86' lang='lat' dir='ltr'>dam</span> <span class='ocrx_word' id='word_1_18' title='bbox 263 2427 350 2458; x_wconf 90' lang='lat' dir='ltr'>bone</span> 
     </span>
     <span class='ocr_line' id='line_1_10' title="bbox 169 2470 329 2502; baseline -0.013 0"><span class='ocrx_word' id='word_1_19' title='bbox 169 2470 329 2502; x_wconf 83' lang='lat' dir='ltr'>memorie</span> 
     </span>
     <span class='ocr_line' id='line_1_11' title="bbox 169 2519 356 2554; baseline -0.005 -9"><span class='ocrx_word' id='word_1_20' title='bbox 169 2519 356 2554; x_wconf 81' lang='lat' dir='ltr'>margarete</span> 
     </span>
     <span class='ocr_line' id='line_1_12' title="bbox 170 2558 328 2588; baseline 0 -1"><span class='ocrx_word' id='word_1_21' title='bbox 170 2558 278 2588; x_wconf 88' lang='lat' dir='ltr'>Waus</span> <span class='ocrx_word' id='word_1_22' title='bbox 296 2563 328 2588; x_wconf 90' lang='lat' dir='ltr'>et</span> 
     </span>
     <span class='ocr_line' id='line_1_13' title="bbox 171 2600 333 2632; baseline 0 -2"><span class='ocrx_word' id='word_1_23' title='bbox 171 2600 333 2632; x_wconf 84' lang='lat' dir='ltr'>Iohannis</span> 
     </span>
     <span class='ocr_line' id='line_1_14' title="bbox 169 2643 414 2675; baseline -0.004 -1"><span class='ocrx_word' id='word_1_24' title='bbox 169 2643 319 2674; x_wconf 83' lang='lat' dir='ltr'>menzeis</span> <span class='ocrx_word' id='word_1_25' title='bbox 336 2652 414 2675; x_wconf 89' lang='lat' dir='ltr'>con-</span> 
     </span>
     <span class='ocr_line' id='line_1_15' title="bbox 170 2686 323 2728; baseline 0 -11"><span class='ocrx_word' id='word_1_26' title='bbox 170 2686 256 2728; x_wconf 86' lang='lat' dir='ltr'>iugis</span> <span class='ocrx_word' id='word_1_27' title='bbox 274 2687 323 2727; x_wconf 87' lang='lat' dir='ltr'>suj</span> 
     </span>
    </p>
   </div>
   <div class='ocr_carea' id='block_1_4' title="bbox 458 302 1797 359">
    <p class='ocr_par' dir='ltr' id='par_1_4' title="bbox 458 302 1797 359">
     <span class='ocr_line' id='line_1_16' title="bbox 458 302 1797 359; baseline -0.003 -12"><span class='ocrx_word' id='word_1_28' title='bbox 458 319 539 359; x_wconf 75' lang='lat'>224</span> <span class='ocrx_word' id='word_1_29' title='bbox 922 304 1092 345; x_wconf 80' lang='lat' dir='ltr'>chtale</span> <span class='ocrx_word' id='word_1_30' title='bbox 1123 303 1303 344; x_wconf 76' lang='lat' dir='ltr'>obituum</span> <span class='ocrx_word' id='word_1_31' title='bbox 1336 307 1372 344; x_wconf 80' lang='lat' dir='ltr'>ct</span> <span class='ocrx_word' id='word_1_32' title='bbox 1401 302 1797 344; x_wconf 81' lang='lat' dir='ltr'>Anniucrsariorum</span> 
     </span>
    </p>
   </div>
   <div class='ocr_carea' id='block_1_5' title="bbox 456 416 2258 1168">
    <p class='ocr_par' dir='ltr' id='par_1_5' title="bbox 456 416 2258 1168">
     <span class='ocr_line' id='line_1_17' title="bbox 457 416 2257 472; baseline -0.001 -10"><span class='ocrx_word' id='word_1_33' title='bbox 457 421 542 463; x_wconf 90' lang='lat' dir='ltr'>alio</span> <span class='ocrx_word' id='word_1_34' title='bbox 569 435 716 462; x_wconf 90' lang='lat' dir='ltr'>annuo</span> <span class='ocrx_word' id='word_1_35' title='bbox 742 419 933 461; x_wconf 88' lang='lat' dir='ltr'>Redditu</span> <span class='ocrx_word' id='word_1_36' title='bbox 967 425 1156 471; x_wconf 88' lang='lat' dir='ltr'>quatuor</span> <span class='ocrx_word' id='word_1_37' title='bbox 1186 416 1425 458; x_wconf 85' lang='lat' dir='ltr'>solidorum</span> <span class='ocrx_word' id='word_1_38' title='bbox 1459 418 1511 458; x_wconf 92' lang='lat' dir='ltr'>de</span> <span class='ocrx_word' id='word_1_39' title='bbox 1541 417 1676 459; x_wconf 85' lang='lat' dir='ltr'>fundo</span> <span class='ocrx_word' id='word_1_40' title='bbox 1708 424 1822 458; x_wconf 90' lang='lat' dir='ltr'>terre</span> <span class='ocrx_word' id='word_1_41' title='bbox 1856 417 2070 459; x_wconf 88' lang='lat' dir='ltr'>Iohannis</span> <span class='ocrx_word' id='word_1_42' title='bbox 2095 418 2191 472; x_wconf 84' lang='lat' dir='ltr'>grig</span> <span class='ocrx_word' id='word_1_43' title='bbox 2213 418 2257 460; x_wconf 94' lang='lat' dir='ltr'>in</span> 
     </span>
     <span class='ocr_line' id='line_1_18' title="bbox 456 486 2255 541; baseline -0.001 -9"><span class='ocrx_word' id='word_1_44' title='bbox 456 490 552 532; x_wconf 80' lang='lat' dir='ltr'>vico</span> <span class='ocrx_word' id='word_1_45' title='bbox 588 491 809 531; x_wconf 81' lang='lat' dir='ltr'>furcarum</span> <span class='ocrx_word' id='word_1_46' title='bbox 844 503 895 530; x_wconf 78' lang='lat' dir='ltr'>ex</span> <span class='ocrx_word' id='word_1_47' title='bbox 933 487 1134 529; x_wconf 82' lang='lat' dir='ltr'>orientali</span> <span class='ocrx_word' id='word_1_48' title='bbox 1172 494 1295 541; x_wconf 91' lang='lat' dir='ltr'>parte</span> <span class='ocrx_word' id='word_1_49' title='bbox 1327 486 1523 528; x_wconf 89' lang='lat' dir='ltr'>eiusdem</span> <span class='ocrx_word' id='word_1_50' title='bbox 1557 487 1640 541; x_wconf 89' lang='lat' dir='ltr'>vicj</span> <span class='ocrx_word' id='word_1_51' title='bbox 1679 487 1794 529; x_wconf 89' lang='lat' dir='ltr'>inter</span> <span class='ocrx_word' id='word_1_52' title='bbox 1828 494 1991 529; x_wconf 88' lang='lat' dir='ltr'>terram</span> <span class='ocrx_word' id='word_1_53' title='bbox 2033 490 2255 541; x_wconf 92' lang='lat' dir='ltr'>quondam</span> 
     </span>
     <span class='ocr_line' id='line_1_19' title="bbox 459 556 2252 613; baseline 0 -13"><span class='ocrx_word' id='word_1_54' title='bbox 459 559 667 612; x_wconf 88' lang='lat' dir='ltr'>Richardj</span> <span class='ocrx_word' id='word_1_55' title='bbox 693 559 878 600; x_wconf 84' lang='lat' dir='ltr'>Cullane</span> <span class='ocrx_word' id='word_1_56' title='bbox 901 571 953 598; x_wconf 79' lang='lat' dir='ltr'>ex</span> <span class='ocrx_word' id='word_1_57' title='bbox 975 556 1157 598; x_wconf 82' lang='lat' dir='ltr'>australi</span> <span class='ocrx_word' id='word_1_58' title='bbox 1177 563 1219 597; x_wconf 91' lang='lat' dir='ltr'>et</span> <span class='ocrx_word' id='word_1_59' title='bbox 1238 563 1401 598; x_wconf 86' lang='lat' dir='ltr'>terram</span> <span class='ocrx_word' id='word_1_60' title='bbox 1425 558 1647 610; x_wconf 90' lang='lat' dir='ltr'>quondam</span> <span class='ocrx_word' id='word_1_61' title='bbox 1672 557 1843 611; x_wconf 84' lang='lat' dir='ltr'>gilbertj</span> <span class='ocrx_word' id='word_1_62' title='bbox 1865 557 1992 598; x_wconf 88' lang='lat' dir='ltr'>leitht</span> <span class='ocrx_word' id='word_1_63' title='bbox 2016 572 2067 599; x_wconf 87' lang='lat' dir='ltr'>ex</span> <span class='ocrx_word' id='word_1_64' title='bbox 2090 558 2252 613; x_wconf 88' lang='lat' dir='ltr'>borealj</span> 
     </span>
     <span class='ocr_line' id='line_1_20' title="bbox 458 626 2257 680; baseline -0.001 -10"><span class='ocrx_word' id='word_1_65' title='bbox 458 630 515 670; x_wconf 86' lang='lat' dir='ltr'>Et</span> <span class='ocrx_word' id='word_1_66' title='bbox 540 629 684 670; x_wconf 92' lang='lat' dir='ltr'>dictus</span> <span class='ocrx_word' id='word_1_67' title='bbox 711 627 896 669; x_wconf 75' lang='lat' dir='ltr'>sacrista</span> <span class='ocrx_word' id='word_1_68' title='bbox 919 626 1112 680; x_wconf 84' lang='lat' dir='ltr'>pulsabit</span> <span class='ocrx_word' id='word_1_69' title='bbox 1142 640 1385 680; x_wconf 90' lang='lat' dir='ltr'>campanas</span> <span class='ocrx_word' id='word_1_70' title='bbox 1418 626 1747 668; x_wconf 89' lang='lat' dir='ltr'>ecclesiasticas</span> <span class='ocrx_word' id='word_1_71' title='bbox 1778 627 2010 668; x_wconf 88' lang='lat' dir='ltr'>annuatim</span> <span class='ocrx_word' id='word_1_72' title='bbox 2033 627 2077 668; x_wconf 92' lang='lat' dir='ltr'>in</span> <span class='ocrx_word' id='word_1_73' title='bbox 2101 628 2257 669; x_wconf 89' lang='lat' dir='ltr'>sabato</span> 
     </span>
     <span class='ocr_line' id='line_1_21' title="bbox 456 688 2257 750; baseline -0.001 -11"><span class='ocrx_word' id='word_1_74' title='bbox 456 698 499 740; x_wconf 90' lang='lat' dir='ltr'>in</span> <span class='ocrx_word' id='word_1_75' title='bbox 533 698 722 739; x_wconf 89' lang='lat' dir='ltr'>meredie</span> <span class='ocrx_word' id='word_1_76' title='bbox 759 704 862 738; x_wconf 89' lang='lat' dir='ltr'>ante</span> <span class='ocrx_word' id='word_1_77' title='bbox 895 695 1244 738; x_wconf 89' lang='lat' dir='ltr'>celebracionem</span> <span class='ocrx_word' id='word_1_78' title='bbox 1277 688 1561 749; x_wconf 84' lang='lat' dir='ltr'>exequiarum</span> <span class='ocrx_word' id='word_1_79' title='bbox 1596 697 1855 738; x_wconf 85' lang='lat' dir='ltr'>Notandum</span> <span class='ocrx_word' id='word_1_80' title='bbox 1888 697 2004 750; x_wconf 91' lang='lat' dir='ltr'>quod</span> <span class='ocrx_word' id='word_1_81' title='bbox 2034 696 2257 738; x_wconf 90' lang='lat' dir='ltr'>Collector</span> 
     </span>
     <span class='ocr_line' id='line_1_22' title="bbox 456 765 2258 820; baseline -0.002 -10"><span class='ocrx_word' id='word_1_82' title='bbox 456 768 673 810; x_wconf 89' lang='lat' dir='ltr'>dictorum</span> <span class='ocrx_word' id='word_1_83' title='bbox 720 766 1062 820; x_wconf 88' lang='lat' dir='ltr'>Capellanorum</span> <span class='ocrx_word' id='word_1_84' title='bbox 1106 765 1336 807; x_wconf 88' lang='lat' dir='ltr'>annuatim</span> <span class='ocrx_word' id='word_1_85' title='bbox 1382 765 1557 820; x_wconf 89' lang='lat' dir='ltr'>Recipit</span> <span class='ocrx_word' id='word_1_86' title='bbox 1600 780 1675 820; x_wconf 91' lang='lat' dir='ltr'>pre</span> <span class='ocrx_word' id='word_1_87' title='bbox 1717 766 1923 808; x_wconf 87' lang='lat' dir='ltr'>manibus</span> <span class='ocrx_word' id='word_1_88' title='bbox 1963 765 2106 808; x_wconf 89' lang='lat' dir='ltr'>dictos</span> <span class='ocrx_word' id='word_1_89' title='bbox 2147 767 2258 808; x_wconf 90' lang='lat' dir='ltr'>duos</span> 
     </span>
     <span class='ocr_line' id='line_1_23' title="bbox 456 834 2257 890; baseline -0.001 -12"><span class='ocrx_word' id='word_1_90' title='bbox 456 850 627 878; x_wconf 85' lang='lat' dir='ltr'>annuos</span> <span class='ocrx_word' id='word_1_91' title='bbox 658 835 876 876; x_wconf 89' lang='lat' dir='ltr'>Redditus</span> <span class='ocrx_word' id='word_1_92' title='bbox 898 834 1016 888; x_wconf 80' lang='lat' dir='ltr'>xxiiij</span> <span class='ocrx_word' id='word_1_93' title='bbox 1043 849 1062 875; x_wconf 92' lang='lat' dir='ltr'>s</span> <span class='ocrx_word' id='word_1_94' title='bbox 1085 835 1137 876; x_wconf 93' lang='lat' dir='ltr'>de</span> <span class='ocrx_word' id='word_1_95' title='bbox 1160 834 1362 876; x_wconf 90' lang='lat' dir='ltr'>terminis</span> <span class='ocrx_word' id='word_1_96' title='bbox 1386 834 1539 876; x_wconf 87' lang='lat' dir='ltr'>Sancti</span> <span class='ocrx_word' id='word_1_97' title='bbox 1573 835 1751 890; x_wconf 90' lang='lat' dir='ltr'>martinj</span> <span class='ocrx_word' id='word_1_98' title='bbox 1786 841 1828 877; x_wconf 92' lang='lat' dir='ltr'>et</span> <span class='ocrx_word' id='word_1_99' title='bbox 1862 835 2133 889; x_wconf 88' lang='lat' dir='ltr'>penticostes</span> <span class='ocrx_word' id='word_1_100' title='bbox 2164 850 2257 890; x_wconf 92' lang='lat' dir='ltr'>pre·</span> 
     </span>
     <span class='ocr_line' id='line_1_24' title="bbox 457 903 2257 947; baseline 0 -1"><span class='ocrx_word' id='word_1_101' title='bbox 457 907 664 946; x_wconf 87' lang='lat' dir='ltr'>cedentes</span> <span class='ocrx_word' id='word_1_102' title='bbox 692 905 746 945; x_wconf 89' lang='lat' dir='ltr'>ad</span> <span class='ocrx_word' id='word_1_103' title='bbox 770 904 1031 945; x_wconf 91' lang='lat' dir='ltr'>soluendum</span> <span class='ocrx_word' id='word_1_104' title='bbox 1056 903 1310 945; x_wconf 90' lang='lat' dir='ltr'>huiusmodi</span> <span class='ocrx_word' id='word_1_105' title='bbox 1337 903 1690 946; x_wconf 89' lang='lat' dir='ltr'>anniuersarium</span> <span class='ocrx_word' id='word_1_106' title='bbox 1725 905 1784 946; x_wconf 89' lang='lat' dir='ltr'>Et</span> <span class='ocrx_word' id='word_1_107' title='bbox 1816 911 1994 946; x_wconf 89' lang='lat' dir='ltr'>tenetur</span> <span class='ocrx_word' id='word_1_108' title='bbox 2026 905 2192 947; x_wconf 89' lang='lat' dir='ltr'>Curato</span> <span class='ocrx_word' id='word_1_109' title='bbox 2214 910 2257 946; x_wconf 90' lang='lat' dir='ltr'>et</span> 
     </span>
     <span class='ocr_line' id='line_1_25' title="bbox 458 973 2258 1028; baseline 0 -12"><span class='ocrx_word' id='word_1_110' title='bbox 458 973 700 1027; x_wconf 89' lang='lat' dir='ltr'>capellanis</span> <span class='ocrx_word' id='word_1_111' title='bbox 736 974 988 1027; x_wconf 89' lang='lat' dir='ltr'>persoluere</span> <span class='ocrx_word' id='word_1_112' title='bbox 1021 973 1212 1016; x_wconf 88' lang='lat' dir='ltr'>Cuilibet</span> <span class='ocrx_word' id='word_1_113' title='bbox 1245 988 1372 1015; x_wconf 88' lang='lat' dir='ltr'>suam</span> <span class='ocrx_word' id='word_1_114' title='bbox 1405 980 1576 1028; x_wconf 91' lang='lat' dir='ltr'>partem</span> <span class='ocrx_word' id='word_1_115' title='bbox 1606 980 1651 1015; x_wconf 90' lang='lat' dir='ltr'>vt</span> <span class='ocrx_word' id='word_1_116' title='bbox 1685 974 1821 1016; x_wconf 89' lang='lat' dir='ltr'>moris</span> <span class='ocrx_word' id='word_1_117' title='bbox 1852 981 1919 1016; x_wconf 89' lang='lat' dir='ltr'>est</span> <span class='ocrx_word' id='word_1_118' title='bbox 1951 975 1995 1016; x_wconf 93' lang='lat' dir='ltr'>in</span> <span class='ocrx_word' id='word_1_119' title='bbox 2029 974 2258 1017; x_wconf 90' lang='lat' dir='ltr'>Similibus</span> 
     </span>
     <span class='ocr_line' id='line_1_26' title="bbox 462 1043 2257 1097; baseline 0.001 -11"><span class='ocrx_word' id='word_1_120' title='bbox 462 1043 726 1086; x_wconf 87' lang='lat' dir='ltr'>Immediate</span> <span class='ocrx_word' id='word_1_121' title='bbox 750 1050 848 1097; x_wconf 91' lang='lat' dir='ltr'>post</span> <span class='ocrx_word' id='word_1_122' title='bbox 873 1043 1234 1086; x_wconf 88' lang='lat' dir='ltr'>Celebracionem</span> <span class='ocrx_word' id='word_1_123' title='bbox 1258 1043 1455 1085; x_wconf 90' lang='lat' dir='ltr'>eiusdem</span> <span class='ocrx_word' id='word_1_124' title='bbox 1479 1043 1573 1085; x_wconf 89' lang='lat' dir='ltr'>sine</span> <span class='ocrx_word' id='word_1_125' title='bbox 1589 1043 1794 1086; x_wconf 89' lang='lat' dir='ltr'>vlteriore</span> <span class='ocrx_word' id='word_1_126' title='bbox 1816 1044 2027 1087; x_wconf 87' lang='lat' dir='ltr'>dilatione</span> <span class='ocrx_word' id='word_1_127' title='bbox 2045 1051 2088 1087; x_wconf 88' lang='lat' dir='ltr'>et</span> <span class='ocrx_word' id='word_1_128' title='bbox 2107 1058 2257 1087; x_wconf 89' lang='lat' dir='ltr'>eonse-</span> 
     </span>
     <span class='ocr_line' id='line_1_27' title="bbox 461 1112 1819 1168; baseline 0 -13"><span class='ocrx_word' id='word_1_129' title='bbox 461 1121 646 1168; x_wconf 89' lang='lat' dir='ltr'>quenter</span> <span class='ocrx_word' id='word_1_130' title='bbox 672 1112 856 1155; x_wconf 87' lang='lat' dir='ltr'>sacriste</span> <span class='ocrx_word' id='word_1_131' title='bbox 878 1119 920 1155; x_wconf 89' lang='lat' dir='ltr'>et</span> <span class='ocrx_word' id='word_1_132' title='bbox 944 1112 1121 1168; x_wconf 91' lang='lat' dir='ltr'>preconj</span> <span class='ocrx_word' id='word_1_133' title='bbox 1146 1127 1224 1167; x_wconf 92' lang='lat' dir='ltr'>pro</span> <span class='ocrx_word' id='word_1_134' title='bbox 1247 1112 1339 1155; x_wconf 89' lang='lat' dir='ltr'>suis</span> <span class='ocrx_word' id='word_1_135' title='bbox 1361 1112 1585 1156; x_wconf 88' lang='lat' dir='ltr'>laboribus</span> <span class='ocrx_word' id='word_1_136' title='bbox 1605 1118 1651 1155; x_wconf 87' lang='lat' dir='ltr'>vt</span> <span class='ocrx_word' id='word_1_137' title='bbox 1675 1113 1819 1168; x_wconf 89' lang='lat' dir='ltr'>Supra</span> 
     </span>
    </p>
   </div>
   <div class='ocr_carea' id='block_1_6' title="bbox 461 1251 2261 2209">
    <p class='ocr_par' dir='ltr' id='par_1_6' title="bbox 461 1251 2261 2209">
     <span class='ocr_line' id='line_1_28' title="bbox 579 1251 2257 1308; baseline 0 -14"><span class='ocrx_word' id='word_1_138' title='bbox 579 1251 739 1294; x_wconf 88' lang='lat' dir='ltr'>Obitus</span> <span class='ocrx_word' id='word_1_139' title='bbox 757 1253 981 1306; x_wconf 91' lang='lat' dir='ltr'>quondam</span> <span class='ocrx_word' id='word_1_140' title='bbox 1005 1251 1181 1294; x_wconf 90' lang='lat' dir='ltr'>honesti</span> <span class='ocrx_word' id='word_1_141' title='bbox 1203 1251 1283 1307; x_wconf 89' lang='lat' dir='ltr'>virj</span> <span class='ocrx_word' id='word_1_142' title='bbox 1305 1251 1519 1294; x_wconf 90' lang='lat' dir='ltr'>Iohannis</span> <span class='ocrx_word' id='word_1_143' title='bbox 1538 1253 1750 1308; x_wconf 89' lang='lat' dir='ltr'>Crommy</span> <span class='ocrx_word' id='word_1_144' title='bbox 1771 1258 1814 1295; x_wconf 87' lang='lat' dir='ltr'>et</span> <span class='ocrx_word' id='word_1_145' title='bbox 1838 1251 2016 1294; x_wconf 89' lang='lat' dir='ltr'>cristine</span> <span class='ocrx_word' id='word_1_146' title='bbox 2039 1252 2257 1295; x_wconf 89' lang='lat' dir='ltr'>meldrum</span> 
     </span>
     <span class='ocr_line' id='line_1_29' title="bbox 465 1319 2259 1374; baseline 0.001 -12"><span class='ocrx_word' id='word_1_147' title='bbox 465 1334 624 1374; x_wconf 90' lang='lat' dir='ltr'>sponse</span> <span class='ocrx_word' id='word_1_148' title='bbox 648 1335 725 1361; x_wconf 90' lang='lat' dir='ltr'>sue</span> <span class='ocrx_word' id='word_1_149' title='bbox 747 1334 932 1373; x_wconf 91' lang='lat' dir='ltr'>quorum</span> <span class='ocrx_word' id='word_1_150' title='bbox 957 1319 1288 1362; x_wconf 88' lang='lat' dir='ltr'>anniuersarius</span> <span class='ocrx_word' id='word_1_151' title='bbox 1311 1320 1541 1362; x_wconf 90' lang='lat' dir='ltr'>annuatim</span> <span class='ocrx_word' id='word_1_152' title='bbox 1561 1319 1855 1363; x_wconf 85' lang='lat' dir='ltr'>celebrabitur</span> <span class='ocrx_word' id='word_1_153' title='bbox 1876 1322 1930 1362; x_wconf 92' lang='lat' dir='ltr'>ad</span> <span class='ocrx_word' id='word_1_154' title='bbox 1953 1321 2092 1363; x_wconf 89' lang='lat' dir='ltr'>altare</span> <span class='ocrx_word' id='word_1_155' title='bbox 2116 1320 2259 1363; x_wconf 87' lang='lat' dir='ltr'>sancti</span> 
     </span>
     <span class='ocr_line' id='line_1_30' title="bbox 464 1389 2258 1443; baseline 0.001 -12"><span class='ocrx_word' id='word_1_156' title='bbox 464 1389 671 1443; x_wconf 88' lang='lat' dir='ltr'>nicholaij</span> <span class='ocrx_word' id='word_1_157' title='bbox 716 1389 938 1430; x_wconf 87' lang='lat' dir='ltr'>dominica</span> <span class='ocrx_word' id='word_1_158' title='bbox 990 1389 1188 1443; x_wconf 81' lang='lat' dir='ltr'>proxima</span> <span class='ocrx_word' id='word_1_159' title='bbox 1239 1389 1503 1431; x_wconf 90' lang='lat' dir='ltr'>Immediate</span> <span class='ocrx_word' id='word_1_160' title='bbox 1555 1396 1653 1443; x_wconf 87' lang='lat' dir='ltr'>post</span> <span class='ocrx_word' id='word_1_161' title='bbox 1706 1389 2095 1431; x_wconf 88' lang='lat' dir='ltr'>conuersacionem</span> <span class='ocrx_word' id='word_1_162' title='bbox 2141 1389 2258 1432; x_wconf 86' lang='lat' dir='ltr'>beati</span> 
     </span>
     <span class='ocr_line' id='line_1_31' title="bbox 463 1459 2255 1514; baseline 0.001 -15"><span class='ocrx_word' id='word_1_163' title='bbox 463 1459 582 1513; x_wconf 89' lang='lat' dir='ltr'>pauli</span> <span class='ocrx_word' id='word_1_164' title='bbox 621 1459 810 1512; x_wconf 89' lang='lat' dir='ltr'>apostoli</span> <span class='ocrx_word' id='word_1_165' title='bbox 847 1473 923 1513; x_wconf 88' lang='lat' dir='ltr'>per</span> <span class='ocrx_word' id='word_1_166' title='bbox 959 1459 1213 1513; x_wconf 91' lang='lat' dir='ltr'>capellanos</span> <span class='ocrx_word' id='word_1_167' title='bbox 1251 1459 1423 1513; x_wconf 85' lang='lat' dir='ltr'>collegij</span> <span class='ocrx_word' id='word_1_168' title='bbox 1464 1459 1606 1501; x_wconf 89' lang='lat' dir='ltr'>sancti</span> <span class='ocrx_word' id='word_1_169' title='bbox 1644 1459 1852 1514; x_wconf 88' lang='lat' dir='ltr'>nicholaij</span> <span class='ocrx_word' id='word_1_170' title='bbox 1897 1460 2093 1501; x_wconf 89' lang='lat' dir='ltr'>eiusdem</span> <span class='ocrx_word' id='word_1_171' title='bbox 2131 1460 2255 1514; x_wconf 84' lang='lat' dir='ltr'>burgj</span> 
     </span>
     <span class='ocr_line' id='line_1_32' title="bbox 462 1529 2258 1584; baseline 0.001 -14"><span class='ocrx_word' id='word_1_172' title='bbox 462 1529 665 1571; x_wconf 84' lang='lat' dir='ltr'>videlicet</span> <span class='ocrx_word' id='word_1_173' title='bbox 690 1544 790 1570; x_wconf 90' lang='lat' dir='ltr'>cum</span> <span class='ocrx_word' id='word_1_174' title='bbox 824 1530 1007 1584; x_wconf 91' lang='lat' dir='ltr'>placebo</span> <span class='ocrx_word' id='word_1_175' title='bbox 1039 1536 1081 1571; x_wconf 88' lang='lat' dir='ltr'>et</span> <span class='ocrx_word' id='word_1_176' title='bbox 1115 1529 1251 1584; x_wconf 85' lang='lat' dir='ltr'>dirige</span> <span class='ocrx_word' id='word_1_177' title='bbox 1274 1529 1317 1570; x_wconf 93' lang='lat' dir='ltr'>in</span> <span class='ocrx_word' id='word_1_178' title='bbox 1342 1530 1526 1571; x_wconf 89' lang='lat' dir='ltr'>sabbato</span> <span class='ocrx_word' id='word_1_179' title='bbox 1551 1531 1610 1571; x_wconf 89' lang='lat' dir='ltr'>Et</span> <span class='ocrx_word' id='word_1_180' title='bbox 1634 1529 1771 1571; x_wconf 90' lang='lat' dir='ltr'>missa</span> <span class='ocrx_word' id='word_1_181' title='bbox 1793 1531 1846 1571; x_wconf 92' lang='lat' dir='ltr'>de</span> <span class='ocrx_word' id='word_1_182' title='bbox 1869 1536 1974 1571; x_wconf 89' lang='lat' dir='ltr'>nota</span> <span class='ocrx_word' id='word_1_183' title='bbox 1997 1529 2041 1570; x_wconf 89' lang='lat' dir='ltr'>in</span> <span class='ocrx_word' id='word_1_184' title='bbox 2065 1529 2258 1571; x_wconf 87' lang='lat' dir='ltr'>crastino</span> 
     </span>
     <span class='ocr_line' id='line_1_33' title="bbox 463 1598 2261 1652; baseline 0.001 -13"><span class='ocrx_word' id='word_1_185' title='bbox 463 1613 562 1640; x_wconf 89' lang='lat' dir='ltr'>cum</span> <span class='ocrx_word' id='word_1_186' title='bbox 601 1598 815 1652; x_wconf 85' lang='lat' dir='ltr'>trigintali</span> <span class='ocrx_word' id='word_1_187' title='bbox 853 1613 929 1652; x_wconf 90' lang='lat' dir='ltr'>per</span> <span class='ocrx_word' id='word_1_188' title='bbox 969 1598 1241 1640; x_wconf 90' lang='lat' dir='ltr'>ebdomitam</span> <span class='ocrx_word' id='word_1_189' title='bbox 1284 1605 1542 1652; x_wconf 87' lang='lat' dir='ltr'>sequentem</span> <span class='ocrx_word' id='word_1_190' title='bbox 1579 1605 1625 1640; x_wconf 86' lang='lat' dir='ltr'>vt</span> <span class='ocrx_word' id='word_1_191' title='bbox 1663 1598 1798 1640; x_wconf 90' lang='lat' dir='ltr'>moris</span> <span class='ocrx_word' id='word_1_192' title='bbox 1840 1605 1906 1640; x_wconf 89' lang='lat' dir='ltr'>est</span> <span class='ocrx_word' id='word_1_193' title='bbox 1950 1600 2009 1640; x_wconf 89' lang='lat' dir='ltr'>Et</span> <span class='ocrx_word' id='word_1_194' title='bbox 2051 1598 2261 1640; x_wconf 84' lang='lat' dir='ltr'>collector</span> 
     </span>
     <span class='ocr_line' id='line_1_34' title="bbox 462 1668 2260 1723; baseline 0 -13"><span class='ocrx_word' id='word_1_195' title='bbox 462 1668 680 1710; x_wconf 90' lang='lat' dir='ltr'>dictorum</span> <span class='ocrx_word' id='word_1_196' title='bbox 705 1668 1035 1722; x_wconf 90' lang='lat' dir='ltr'>capellanorum</span> <span class='ocrx_word' id='word_1_197' title='bbox 1059 1669 1132 1723; x_wconf 92' lang='lat' dir='ltr'>qui</span> <span class='ocrx_word' id='word_1_198' title='bbox 1155 1683 1233 1723; x_wconf 91' lang='lat' dir='ltr'>pro</span> <span class='ocrx_word' id='word_1_199' title='bbox 1255 1675 1454 1723; x_wconf 88' lang='lat' dir='ltr'>tempore</span> <span class='ocrx_word' id='word_1_200' title='bbox 1476 1668 1606 1710; x_wconf 83' lang='lat' dir='ltr'>fuerit</span> <span class='ocrx_word' id='word_1_201' title='bbox 1638 1669 1838 1710; x_wconf 89' lang='lat' dir='ltr'>tabulam</span> <span class='ocrx_word' id='word_1_202' title='bbox 1863 1683 1994 1723; x_wconf 87' lang='lat' dir='ltr'>super</span> <span class='ocrx_word' id='word_1_203' title='bbox 2015 1668 2260 1710; x_wconf 91' lang='lat' dir='ltr'>monimen-</span> 
     </span>
     <span class='ocr_line' id='line_1_35' title="bbox 463 1737 2261 1792; baseline 0.001 -14"><span class='ocrx_word' id='word_1_204' title='bbox 463 1744 557 1779; x_wconf 91' lang='lat' dir='ltr'>tum</span> <span class='ocrx_word' id='word_1_205' title='bbox 582 1737 743 1778; x_wconf 90' lang='lat' dir='ltr'>locabit</span> <span class='ocrx_word' id='word_1_206' title='bbox 767 1744 809 1778; x_wconf 89' lang='lat' dir='ltr'>et</span> <span class='ocrx_word' id='word_1_207' title='bbox 833 1737 1069 1780; x_wconf 89' lang='lat' dir='ltr'>luminaria</span> <span class='ocrx_word' id='word_1_208' title='bbox 1092 1738 1288 1780; x_wconf 89' lang='lat' dir='ltr'>inueniet</span> <span class='ocrx_word' id='word_1_209' title='bbox 1318 1739 1402 1780; x_wconf 91' lang='lat' dir='ltr'>Pro</span> <span class='ocrx_word' id='word_1_210' title='bbox 1425 1738 1584 1792; x_wconf 90' lang='lat' dir='ltr'>quibus</span> <span class='ocrx_word' id='word_1_211' title='bbox 1606 1737 1712 1780; x_wconf 88' lang='lat' dir='ltr'>dicti</span> <span class='ocrx_word' id='word_1_212' title='bbox 1735 1737 1954 1792; x_wconf 90' lang='lat' dir='ltr'>capellanj</span> <span class='ocrx_word' id='word_1_213' title='bbox 1979 1737 2261 1780; x_wconf 81' lang='lat' dir='ltr'>infeodantur</span> 
     </span>
     <span class='ocr_line' id='line_1_36' title="bbox 463 1805 2259 1861; baseline -0.001 -13"><span class='ocrx_word' id='word_1_214' title='bbox 463 1808 515 1848; x_wconf 93' lang='lat' dir='ltr'>de</span> <span class='ocrx_word' id='word_1_215' title='bbox 537 1821 623 1848; x_wconf 86' lang='lat' dir='ltr'>vno</span> <span class='ocrx_word' id='word_1_216' title='bbox 645 1821 793 1848; x_wconf 89' lang='lat' dir='ltr'>annuo</span> <span class='ocrx_word' id='word_1_217' title='bbox 814 1806 988 1848; x_wconf 91' lang='lat' dir='ltr'>redditu</span> <span class='ocrx_word' id='word_1_218' title='bbox 1011 1806 1167 1861; x_wconf 78' lang='lat' dir='ltr'>xxiiijor</span> <span class='ocrx_word' id='word_1_219' title='bbox 1190 1806 1429 1849; x_wconf 87' lang='lat' dir='ltr'>solidorum</span> <span class='ocrx_word' id='word_1_220' title='bbox 1454 1807 1506 1848; x_wconf 90' lang='lat' dir='ltr'>de</span> <span class='ocrx_word' id='word_1_221' title='bbox 1529 1812 1624 1848; x_wconf 89' lang='lat' dir='ltr'>tota</span> <span class='ocrx_word' id='word_1_222' title='bbox 1647 1812 1689 1848; x_wconf 87' lang='lat' dir='ltr'>et</span> <span class='ocrx_word' id='word_1_223' title='bbox 1712 1805 1883 1860; x_wconf 86' lang='lat' dir='ltr'>integra</span> <span class='ocrx_word' id='word_1_224' title='bbox 1905 1812 2021 1848; x_wconf 89' lang='lat' dir='ltr'>terra</span> <span class='ocrx_word' id='word_1_225' title='bbox 2053 1805 2259 1848; x_wconf 90' lang='lat' dir='ltr'>interiore</span> 
     </span>
     <span class='ocr_line' id='line_1_37' title="bbox 463 1874 2259 1931; baseline -0.001 -13"><span class='ocrx_word' id='word_1_226' title='bbox 463 1883 505 1918; x_wconf 90' lang='lat' dir='ltr'>et</span> <span class='ocrx_word' id='word_1_227' title='bbox 529 1876 746 1918; x_wconf 90' lang='lat' dir='ltr'>anteriore</span> <span class='ocrx_word' id='word_1_228' title='bbox 769 1876 908 1930; x_wconf 89' lang='lat' dir='ltr'>ipsius</span> <span class='ocrx_word' id='word_1_229' title='bbox 940 1877 1164 1931; x_wconf 91' lang='lat' dir='ltr'>quondam</span> <span class='ocrx_word' id='word_1_230' title='bbox 1199 1876 1414 1918; x_wconf 87' lang='lat' dir='ltr'>Iohannis</span> <span class='ocrx_word' id='word_1_231' title='bbox 1447 1877 1627 1918; x_wconf 88' lang='lat' dir='ltr'>Iacente</span> <span class='ocrx_word' id='word_1_232' title='bbox 1659 1875 1771 1918; x_wconf 86' lang='lat' dir='ltr'>infra</span> <span class='ocrx_word' id='word_1_233' title='bbox 1803 1875 1971 1918; x_wconf 85' lang='lat' dir='ltr'>dictum</span> <span class='ocrx_word' id='word_1_234' title='bbox 2004 1875 2191 1929; x_wconf 88' lang='lat' dir='ltr'>burgum</span> <span class='ocrx_word' id='word_1_235' title='bbox 2214 1874 2259 1916; x_wconf 91' lang='lat' dir='ltr'>in</span> 
     </span>
     <span class='ocr_line' id='line_1_38' title="bbox 461 1945 2258 2001; baseline -0.001 -13"><span class='ocrx_word' id='word_1_236' title='bbox 461 1946 558 1988; x_wconf 93' lang='lat' dir='ltr'>vico</span> <span class='ocrx_word' id='word_1_237' title='bbox 599 1946 820 1988; x_wconf 91' lang='lat' dir='ltr'>furcarum</span> <span class='ocrx_word' id='word_1_238' title='bbox 863 1960 915 1988; x_wconf 87' lang='lat' dir='ltr'>ex</span> <span class='ocrx_word' id='word_1_239' title='bbox 956 1946 1221 1989; x_wconf 87' lang='lat' dir='ltr'>occidentali</span> <span class='ocrx_word' id='word_1_240' title='bbox 1263 1952 1388 2001; x_wconf 90' lang='lat' dir='ltr'>parte</span> <span class='ocrx_word' id='word_1_241' title='bbox 1434 1945 1631 1988; x_wconf 89' lang='lat' dir='ltr'>eiusdem</span> <span class='ocrx_word' id='word_1_242' title='bbox 1674 1945 1788 1987; x_wconf 91' lang='lat' dir='ltr'>inter</span> <span class='ocrx_word' id='word_1_243' title='bbox 1827 1951 1992 1987; x_wconf 89' lang='lat' dir='ltr'>terram</span> <span class='ocrx_word' id='word_1_244' title='bbox 2034 1945 2258 2000; x_wconf 90' lang='lat' dir='ltr'>quondam</span> 
     </span>
     <span class='ocr_line' id='line_1_39' title="bbox 464 2012 2257 2070; baseline -0.002 -12"><span class='ocrx_word' id='word_1_245' title='bbox 464 2015 679 2058; x_wconf 89' lang='lat' dir='ltr'>Iohannis</span> <span class='ocrx_word' id='word_1_246' title='bbox 712 2015 860 2070; x_wconf 89' lang='lat' dir='ltr'>mylne</span> <span class='ocrx_word' id='word_1_247' title='bbox 896 2030 949 2057; x_wconf 88' lang='lat' dir='ltr'>ex</span> <span class='ocrx_word' id='word_1_248' title='bbox 985 2015 1149 2058; x_wconf 91' lang='lat' dir='ltr'>boreali</span> <span class='ocrx_word' id='word_1_249' title='bbox 1191 2030 1244 2057; x_wconf 87' lang='lat' dir='ltr'>ex</span> <span class='ocrx_word' id='word_1_250' title='bbox 1278 2030 1365 2058; x_wconf 89' lang='lat' dir='ltr'>vna</span> <span class='ocrx_word' id='word_1_251' title='bbox 1406 2022 1448 2057; x_wconf 91' lang='lat' dir='ltr'>et</span> <span class='ocrx_word' id='word_1_252' title='bbox 1490 2021 1655 2057; x_wconf 88' lang='lat' dir='ltr'>terram</span> <span class='ocrx_word' id='word_1_253' title='bbox 1698 2015 2041 2070; x_wconf 89' lang='lat' dir='ltr'>Capellanorum</span> <span class='ocrx_word' id='word_1_254' title='bbox 2084 2012 2257 2068; x_wconf 86' lang='lat' dir='ltr'>collegij</span> 
     </span>
     <span class='ocr_line' id='line_1_40' title="bbox 463 2084 2259 2139; baseline -0.001 -13"><span class='ocrx_word' id='word_1_255' title='bbox 463 2085 647 2127; x_wconf 89' lang='lat' dir='ltr'>ecclesie</span> <span class='ocrx_word' id='word_1_256' title='bbox 671 2085 941 2127; x_wconf 90' lang='lat' dir='ltr'>cathedralis</span> <span class='ocrx_word' id='word_1_257' title='bbox 963 2084 1270 2128; x_wconf 90' lang='lat' dir='ltr'>abirdonensis</span> <span class='ocrx_word' id='word_1_258' title='bbox 1292 2100 1345 2127; x_wconf 84' lang='lat' dir='ltr'>ex</span> <span class='ocrx_word' id='word_1_259' title='bbox 1367 2084 1552 2127; x_wconf 89' lang='lat' dir='ltr'>australi</span> <span class='ocrx_word' id='word_1_260' title='bbox 1575 2084 1777 2139; x_wconf 89' lang='lat' dir='ltr'>partibus</span> <span class='ocrx_word' id='word_1_261' title='bbox 1808 2085 1863 2127; x_wconf 89' lang='lat' dir='ltr'>ab</span> <span class='ocrx_word' id='word_1_262' title='bbox 1896 2084 2035 2126; x_wconf 88' lang='lat' dir='ltr'>altera</span> <span class='ocrx_word' id='word_1_263' title='bbox 2066 2089 2109 2125; x_wconf 91' lang='lat' dir='ltr'>et</span> <span class='ocrx_word' id='word_1_264' title='bbox 2141 2097 2259 2125; x_wconf 91' lang='lat' dir='ltr'>corn-</span> 
     </span>
     <span class='ocr_line' id='line_1_41' title="bbox 464 2154 1565 2209; baseline 0 -13"><span class='ocrx_word' id='word_1_265' title='bbox 464 2169 622 2197; x_wconf 90' lang='lat' dir='ltr'>munes</span> <span class='ocrx_word' id='word_1_266' title='bbox 642 2154 737 2196; x_wconf 89' lang='lat' dir='ltr'>vias</span> <span class='ocrx_word' id='word_1_267' title='bbox 761 2154 926 2209; x_wconf 86' lang='lat' dir='ltr'>Regias</span> <span class='ocrx_word' id='word_1_268' title='bbox 947 2169 1102 2197; x_wconf 86' lang='lat' dir='ltr'>versus</span> <span class='ocrx_word' id='word_1_269' title='bbox 1124 2154 1270 2197; x_wconf 90' lang='lat' dir='ltr'>oriens</span> <span class='ocrx_word' id='word_1_270' title='bbox 1292 2161 1334 2197; x_wconf 91' lang='lat' dir='ltr'>et</span> <span class='ocrx_word' id='word_1_271' title='bbox 1357 2154 1565 2197; x_wconf 90' lang='lat' dir='ltr'>occidens</span> 
     </span>
    </p>
   </div>
   <div class='ocr_carea' id='block_1_7' title="bbox 461 2294 2278 2986">
    <p class='ocr_par' dir='ltr' id='par_1_7' title="bbox 461 2294 2278 2986">
     <span class='ocr_line' id='line_1_42' title="bbox 579 2294 2259 2350; baseline -0.002 -12"><span class='ocrx_word' id='word_1_272' title='bbox 579 2295 739 2338; x_wconf 89' lang='lat' dir='ltr'>Obitus</span> <span class='ocrx_word' id='word_1_273' title='bbox 780 2297 1003 2350; x_wconf 90' lang='lat' dir='ltr'>quondam</span> <span class='ocrx_word' id='word_1_274' title='bbox 1053 2297 1165 2339; x_wconf 91' lang='lat' dir='ltr'>bone</span> <span class='ocrx_word' id='word_1_275' title='bbox 1220 2295 1432 2338; x_wconf 89' lang='lat' dir='ltr'>memorie</span> <span class='ocrx_word' id='word_1_276' title='bbox 1474 2296 1698 2350; x_wconf 88' lang='lat' dir='ltr'>quondam</span> <span class='ocrx_word' id='word_1_277' title='bbox 1740 2300 1988 2349; x_wconf 85' lang='lat' dir='ltr'>margarete</span> <span class='ocrx_word' id='word_1_278' title='bbox 2029 2294 2176 2336; x_wconf 89' lang='lat' dir='ltr'>Waus</span> <span class='ocrx_word' id='word_1_279' title='bbox 2216 2299 2259 2334; x_wconf 90' lang='lat' dir='ltr'>et</span> 
     </span>
     <span class='ocr_line' id='line_1_43' title="bbox 465 2363 2260 2420; baseline -0.002 -12"><span class='ocrx_word' id='word_1_280' title='bbox 465 2365 680 2408; x_wconf 88' lang='lat' dir='ltr'>Iohannis</span> <span class='ocrx_word' id='word_1_281' title='bbox 702 2366 896 2408; x_wconf 81' lang='lat' dir='ltr'>menzeis</span> <span class='ocrx_word' id='word_1_282' title='bbox 914 2381 1099 2420; x_wconf 91' lang='lat' dir='ltr'>quorum</span> <span class='ocrx_word' id='word_1_283' title='bbox 1123 2366 1454 2409; x_wconf 88' lang='lat' dir='ltr'>anniuersarius</span> <span class='ocrx_word' id='word_1_284' title='bbox 1476 2365 1708 2408; x_wconf 87' lang='lat' dir='ltr'>annuatim</span> <span class='ocrx_word' id='word_1_285' title='bbox 1732 2363 2024 2406; x_wconf 87' lang='lat' dir='ltr'>celebrabitur</span> <span class='ocrx_word' id='word_1_286' title='bbox 2041 2364 2096 2406; x_wconf 90' lang='lat' dir='ltr'>ad</span> <span class='ocrx_word' id='word_1_287' title='bbox 2118 2363 2260 2405; x_wconf 89' lang='lat' dir='ltr'>altare</span> 
     </span>
     <span class='ocr_line' id='line_1_44' title="bbox 463 2432 2259 2490; baseline -0.003 -12"><span class='ocrx_word' id='word_1_288' title='bbox 463 2436 617 2478; x_wconf 87' lang='lat' dir='ltr'>Sancti</span> <span class='ocrx_word' id='word_1_289' title='bbox 652 2436 902 2490; x_wconf 89' lang='lat' dir='ltr'>Sebastianj</span> <span class='ocrx_word' id='word_1_290' title='bbox 940 2436 1083 2490; x_wconf 91' lang='lat' dir='ltr'>primo</span> <span class='ocrx_word' id='word_1_291' title='bbox 1120 2435 1189 2478; x_wconf 91' lang='lat' dir='ltr'>die</span> <span class='ocrx_word' id='word_1_292' title='bbox 1231 2435 1397 2477; x_wconf 88' lang='lat' dir='ltr'>mensis</span> <span class='ocrx_word' id='word_1_293' title='bbox 1441 2434 1634 2489; x_wconf 84' lang='lat' dir='ltr'>Ianuarij</span> <span class='ocrx_word' id='word_1_294' title='bbox 1681 2433 1879 2488; x_wconf 84' lang='lat' dir='ltr'>Singulis</span> <span class='ocrx_word' id='word_1_295' title='bbox 1920 2432 2050 2475; x_wconf 91' lang='lat' dir='ltr'>annis</span> <span class='ocrx_word' id='word_1_296' title='bbox 2093 2433 2259 2487; x_wconf 90' lang='lat' dir='ltr'>Imper-</span> 
     </span>
     <span class='ocr_line' id='line_1_45' title="bbox 461 2500 2258 2559; baseline -0.002 -13"><span class='ocrx_word' id='word_1_297' title='bbox 461 2512 644 2559; x_wconf 90' lang='lat' dir='ltr'>petuum</span> <span class='ocrx_word' id='word_1_298' title='bbox 677 2519 779 2547; x_wconf 89' lang='lat' dir='ltr'>cum</span> <span class='ocrx_word' id='word_1_299' title='bbox 803 2504 998 2559; x_wconf 85' lang='lat' dir='ltr'>exequiis</span> <span class='ocrx_word' id='word_1_300' title='bbox 1031 2512 1306 2547; x_wconf 89' lang='lat' dir='ltr'>mortuorum</span> <span class='ocrx_word' id='word_1_301' title='bbox 1330 2505 1514 2559; x_wconf 90' lang='lat' dir='ltr'>placebo</span> <span class='ocrx_word' id='word_1_302' title='bbox 1537 2510 1580 2546; x_wconf 93' lang='lat' dir='ltr'>et</span> <span class='ocrx_word' id='word_1_303' title='bbox 1613 2503 1751 2557; x_wconf 87' lang='lat' dir='ltr'>dirige</span> <span class='ocrx_word' id='word_1_304' title='bbox 1776 2503 1820 2544; x_wconf 92' lang='lat' dir='ltr'>in</span> <span class='ocrx_word' id='word_1_305' title='bbox 1843 2508 1974 2544; x_wconf 88' lang='lat' dir='ltr'>nocte</span> <span class='ocrx_word' id='word_1_306' title='bbox 2005 2500 2258 2556; x_wconf 89' lang='lat' dir='ltr'>precedenti</span> 
     </span>
     <span class='ocr_line' id='line_1_46' title="bbox 461 2570 2260 2629; baseline -0.002 -13"><span class='ocrx_word' id='word_1_307' title='bbox 461 2573 653 2616; x_wconf 88' lang='lat' dir='ltr'>cantatis</span> <span class='ocrx_word' id='word_1_308' title='bbox 675 2589 753 2628; x_wconf 89' lang='lat' dir='ltr'>per</span> <span class='ocrx_word' id='word_1_309' title='bbox 774 2575 991 2617; x_wconf 87' lang='lat' dir='ltr'>Curatum</span> <span class='ocrx_word' id='word_1_310' title='bbox 1014 2581 1057 2616; x_wconf 90' lang='lat' dir='ltr'>et</span> <span class='ocrx_word' id='word_1_311' title='bbox 1081 2575 1336 2629; x_wconf 89' lang='lat' dir='ltr'>capellanos</span> <span class='ocrx_word' id='word_1_312' title='bbox 1359 2573 1544 2628; x_wconf 88' lang='lat' dir='ltr'>Collegij</span> <span class='ocrx_word' id='word_1_313' title='bbox 1580 2571 1886 2615; x_wconf 88' lang='lat' dir='ltr'>abirdonensis</span> <span class='ocrx_word' id='word_1_314' title='bbox 1907 2586 2009 2614; x_wconf 90' lang='lat' dir='ltr'>cum</span> <span class='ocrx_word' id='word_1_315' title='bbox 2037 2570 2174 2613; x_wconf 87' lang='lat' dir='ltr'>missa</span> <span class='ocrx_word' id='word_1_316' title='bbox 2206 2571 2260 2613; x_wconf 90' lang='lat' dir='ltr'>de</span> 
     </span>
     <span class='ocr_line' id='line_1_47' title="bbox 461 2639 2278 2699; baseline -0.002 -13"><span class='ocrx_word' id='word_1_317' title='bbox 461 2651 567 2687; x_wconf 89' lang='lat' dir='ltr'>nota</span> <span class='ocrx_word' id='word_1_318' title='bbox 600 2651 643 2686; x_wconf 90' lang='lat' dir='ltr'>et</span> <span class='ocrx_word' id='word_1_319' title='bbox 677 2644 892 2699; x_wconf 87' lang='lat' dir='ltr'>trigintali</span> <span class='ocrx_word' id='word_1_320' title='bbox 927 2644 1165 2687; x_wconf 88' lang='lat' dir='ltr'>missarum</span> <span class='ocrx_word' id='word_1_321' title='bbox 1199 2659 1277 2699; x_wconf 89' lang='lat' dir='ltr'>per</span> <span class='ocrx_word' id='word_1_322' title='bbox 1310 2643 1582 2687; x_wconf 90' lang='lat' dir='ltr'>ebdomitam</span> <span class='ocrx_word' id='word_1_323' title='bbox 1620 2648 1879 2697; x_wconf 86' lang='lat' dir='ltr'>sequentem</span> <span class='ocrx_word' id='word_1_324' title='bbox 1913 2655 1991 2696; x_wconf 90' lang='lat' dir='ltr'>pro</span> <span class='ocrx_word' id='word_1_325' title='bbox 2025 2639 2278 2699; x_wconf 41' lang='lat' dir='ltr'>animabus-</span> 
     </span>
     <span class='ocr_line' id='line_1_48' title="bbox 462 2710 2258 2769; baseline -0.003 -13"><span class='ocrx_word' id='word_1_326' title='bbox 462 2713 681 2756; x_wconf 90' lang='lat' dir='ltr'>dictorum</span> <span class='ocrx_word' id='word_1_327' title='bbox 718 2714 933 2756; x_wconf 89' lang='lat' dir='ltr'>Iohannis</span> <span class='ocrx_word' id='word_1_328' title='bbox 973 2721 1016 2756; x_wconf 91' lang='lat' dir='ltr'>et</span> <span class='ocrx_word' id='word_1_329' title='bbox 1059 2720 1308 2769; x_wconf 87' lang='lat' dir='ltr'>margarete</span> <span class='ocrx_word' id='word_1_330' title='bbox 1345 2727 1525 2756; x_wconf 89' lang='lat' dir='ltr'>suorum</span> <span class='ocrx_word' id='word_1_331' title='bbox 1568 2718 1803 2768; x_wconf 88' lang='lat' dir='ltr'>parentum</span> <span class='ocrx_word' id='word_1_332' title='bbox 1845 2710 2177 2753; x_wconf 88' lang='lat' dir='ltr'>benefactorum</span> <span class='ocrx_word' id='word_1_333' title='bbox 2215 2714 2258 2751; x_wconf 90' lang='lat' dir='ltr'>et</span> 
     </span>
     <span class='ocr_line' id='line_1_49' title="bbox 463 2777 2256 2836; baseline -0.002 -14"><span class='ocrx_word' id='word_1_334' title='bbox 463 2781 661 2823; x_wconf 91' lang='lat' dir='ltr'>omnium</span> <span class='ocrx_word' id='word_1_335' title='bbox 684 2781 878 2823; x_wconf 89' lang='lat' dir='ltr'>fidelium</span> <span class='ocrx_word' id='word_1_336' title='bbox 899 2781 1206 2824; x_wconf 84' lang='lat' dir='ltr'>defunctorum</span> <span class='ocrx_word' id='word_1_337' title='bbox 1231 2783 1420 2836; x_wconf 91' lang='lat' dir='ltr'>Insuper</span> <span class='ocrx_word' id='word_1_338' title='bbox 1436 2780 1541 2823; x_wconf 86' lang='lat' dir='ltr'>dicti</span> <span class='ocrx_word' id='word_1_339' title='bbox 1564 2779 1781 2834; x_wconf 87' lang='lat' dir='ltr'>capellanj</span> <span class='ocrx_word' id='word_1_340' title='bbox 1807 2778 2039 2821; x_wconf 87' lang='lat' dir='ltr'>annuatim</span> <span class='ocrx_word' id='word_1_341' title='bbox 2056 2777 2256 2820; x_wconf 90' lang='lat' dir='ltr'>tabulam</span> 
     </span>
     <span class='ocr_line' id='line_1_50' title="bbox 463 2846 2259 2907; baseline -0.003 -13"><span class='ocrx_word' id='word_1_342' title='bbox 463 2852 641 2895; x_wconf 89' lang='lat' dir='ltr'>solitam</span> <span class='ocrx_word' id='word_1_343' title='bbox 665 2853 951 2907; x_wconf 90' lang='lat' dir='ltr'>choopertam</span> <span class='ocrx_word' id='word_1_344' title='bbox 975 2853 1205 2895; x_wconf 88' lang='lat' dir='ltr'>situabunt</span> <span class='ocrx_word' id='word_1_345' title='bbox 1235 2866 1367 2907; x_wconf 91' lang='lat' dir='ltr'>super</span> <span class='ocrx_word' id='word_1_346' title='bbox 1395 2850 1721 2893; x_wconf 91' lang='lat' dir='ltr'>monimentum</span> <span class='ocrx_word' id='word_1_347' title='bbox 1748 2851 1988 2892; x_wconf 91' lang='lat' dir='ltr'>eorundem</span> <span class='ocrx_word' id='word_1_348' title='bbox 2020 2846 2259 2890; x_wconf 88' lang='lat' dir='ltr'>luminaria</span> 
     </span>
     <span class='ocr_line' id='line_1_51' title="bbox 464 2918 2258 2986; baseline -0.003 -24"><span class='ocrx_word' id='word_1_349' title='bbox 464 2921 605 2963; x_wconf 91' lang='lat' dir='ltr'>Solita</span> <span class='ocrx_word' id='word_1_350' title='bbox 646 2921 873 2964; x_wconf 89' lang='lat' dir='ltr'>inuenient</span> <span class='ocrx_word' id='word_1_351' title='bbox 910 2928 958 2963; x_wconf 88' lang='lat' dir='ltr'>ut</span> <span class='ocrx_word' id='word_1_352' title='bbox 1001 2922 1136 2963; x_wconf 90' lang='lat' dir='ltr'>moris</span> <span class='ocrx_word' id='word_1_353' title='bbox 1177 2928 1244 2963; x_wconf 90' lang='lat' dir='ltr'>est</span> <span class='ocrx_word' id='word_1_354' title='bbox 1285 2921 1330 2962; x_wconf 92' lang='lat' dir='ltr'>in</span> <span class='ocrx_word' id='word_1_355' title='bbox 1371 2919 1624 2963; x_wconf 91' lang='lat' dir='ltr'>huiusmodi</span> <span class='ocrx_word' id='word_1_356' title='bbox 1658 2918 2258 2986; x_wconf 34' lang='lat' dir='ltr'>anniuersariis‘Ceteraque</span> 
     </span>
    </p>
   </div>
  </div>
 </body>
</html>
