2524 3418
888 322 1105 364 Fundacio
1136 323 1302 364 Andree
1333 323 1511 376 Murray
2052 334 2105 375 97

299 451 435 479 causa
464 436 684 491 legittima
713 436 797 478 nisi
830 437 1062 480 licenciam
1092 436 1292 491 optineat
1319 452 1344 479 a
1374 451 1444 478 me
1473 443 1550 478 aut
1579 442 1766 491 patrono
1799 450 1876 490 pro
1907 442 2107 490 tempore

298 506 470 549 licitum
507 506 588 549 erit
626 506 761 548 michi
803 513 846 549 et
888 507 1124 550 heredibus
1162 506 1272 548 meis
1309 506 1521 548 masculis
1560 507 1628 548 De
1666 506 1821 547 eadem
1859 505 2107 559 capellania

297 575 497 630 patronis
526 577 578 618 de
601 577 756 618 eadem
789 576 1038 630 capellania
1070 577 1302 631 capellano
1332 575 1495 631 ydonio
1527 576 1694 630 absque
1727 589 1990 629 quocunque
2020 577 2107 617 Im-

296 646 552 700 pedimento
593 661 671 701 pro
713 652 862 689 nostre
905 646 1030 690 libito
1070 646 1316 689 voluntatis
1359 645 1609 701 Disponere
1653 646 1843 699 Insuper
1876 644 1912 686 si
1945 644 2107 699 aliquis

296 716 510 759 heredum
534 731 734 759 meorum
761 723 838 759 aut
871 716 1201 771 assignatorum
1234 716 1457 772 predictos
1488 717 1675 758 Annuos
1705 714 1922 758 Redditos
1944 714 1989 757 in
2010 721 2107 758 toto

294 785 363 828 vel
390 786 435 827 in
467 793 592 840 parte
615 801 641 828 a
663 786 834 841 prefato
868 787 1098 842 capellano
1130 793 1207 830 aut
1240 787 1334 829 suis
1365 786 1698 829 successoribus
1724 787 1805 829 sub
1828 784 2011 828 traxerit
2036 785 2106 828 vel

295 855 534 898 detinuerit
566 861 674 898 tunc
707 856 879 898 licitum
912 856 994 899 erit
1026 857 1146 900 dicto
1178 857 1411 911 capellano
1443 856 1653 911 conqueri
1685 855 1866 899 domino
1898 855 2107 911 episcopo

295 924 577 967 abirdonensi
610 940 688 980 pro
720 932 920 980 tempore
953 940 1004 968 ac
1037 940 1116 968 sue
1147 925 1348 981 priuitati
1383 925 1634 980 supplicare
1668 939 1746 980 pro
1779 924 1955 967 iusticie
1988 939 2107 967 com-

294 993 520 1049 plemento
557 1000 600 1036 et
637 1008 719 1036 sua
755 994 1022 1037 auctoritate
1059 994 1325 1050 compellere
1360 993 1706 1036 Disobedientes
1738 993 1784 1036 in
1819 993 2107 1049 responsione

293 1065 556 1107 Annuorum
594 1064 847 1107 reddituum
891 1071 934 1107 et
972 1066 1027 1108 ad
1062 1079 1275 1107 censuras
1309 1064 1496 1107 ecclesie
1531 1064 1717 1107 vlterius
1753 1065 1991 1119 procedere
2032 1063 2107 1119 qui

293 1135 526 1189 capellano
548 1135 747 1189 predicto
779 1142 857 1178 aut
891 1135 983 1178 suis
1012 1134 1346 1177 successoribus
1378 1134 1599 1176 obsistant
1631 1135 1686 1177 ad
1719 1134 1966 1189 plenariam
1990 1134 2107 1177 solu-

293 1205 467 1247 cionem
505 1205 742 1248 Dictorum
774 1207 1037 1248 Annuorum
1076 1205 1351 1247 Reddituum
1385 1204 1636 1246 faciendam
1674 1211 1717 1246 et
1755 1203 2019 1259 distringere
2058 1210 2106 1246 vt

293 1274 430 1316 moris
452 1280 519 1316 est
542 1276 805 1317 Annuorum
831 1274 1105 1317 Reddituum
1128 1289 1230 1316 cum
1254 1274 1414 1316 effectu
1433 1274 1493 1315 Et
1517 1287 1598 1328 ego
1620 1287 1724 1315 vero
1746 1272 1893 1315 dictus
1916 1274 2106 1316 andreas

293 1357 473 1398 murray
503 1343 690 1385 heredes
722 1342 809 1385 mei
842 1350 884 1385 et
918 1342 1135 1398 assignati
1167 1342 1392 1398 predictos
1424 1356 1598 1384 annuos
1632 1342 1852 1384 Redditus
1881 1357 1983 1385 cum
2013 1343 2106 1385 suis

291 1412 579 1467 pertinenciis
611 1412 781 1467 prefato
818 1412 1051 1467 capellano
1089 1426 1188 1454 meo
1222 1426 1300 1466 pro
1337 1417 1433 1453 toto
1466 1418 1667 1466 tempore
1702 1410 1793 1453 vite
1827 1426 1905 1453 sue
1937 1417 1981 1453 et
2013 1411 2106 1454 suis

292 1481 625 1533 successoribus
658 1481 903 1536 capellanis
928 1480 1155 1536 perpetuis
1181 1480 1380 1522 eiusdem
1413 1479 1458 1521 in
1491 1479 1698 1522 omnibus
1721 1486 1764 1522 et
1786 1494 1865 1534 per
1886 1479 2038 1522 omnia
2058 1487 2105 1522 vt

291 1542 560 1606 premissum
583 1557 650 1593 est
683 1565 761 1605 per
792 1565 949 1592 omnes
970 1556 1113 1592 terras
1135 1555 1179 1592 et
1211 1548 1519 1604 possessiones
1551 1555 1729 1590 nostras
1761 1554 1917 1591 contra
1949 1563 2105 1591 omnes

291 1621 504 1663 mortales
544 1619 939 1663 warantizabimus
981 1625 1024 1661 et
1066 1618 1395 1673 imperpetuum
1438 1617 1728 1660 defendemus
1767 1619 1819 1659 In
1857 1617 1984 1659 cuius
2022 1618 2105 1659 Rei

290 1690 599 1733 testimonium
641 1689 744 1732 huic
786 1687 981 1743 presenti
1023 1694 1144 1730 carte
1178 1702 1274 1729 mee
1307 1686 1504 1741 sigillum
1543 1701 1693 1728 meum
1728 1700 1921 1728 vnacum
1960 1686 2105 1741 sigillo

290 1760 465 1804 heredis
491 1760 578 1802 mei
607 1759 864 1814 apparentis
890 1757 1023 1801 dauid
1050 1772 1230 1813 murray
1260 1759 1313 1799 In
1340 1757 1518 1812 signum
1542 1756 1609 1799 sui
1633 1756 1827 1799 beniuoli
1859 1771 2105 1799 consensus

289 1833 345 1874 ad
376 1831 466 1873 tale
503 1829 790 1872 caritatiuum
829 1843 941 1883 opus
977 1842 1055 1882 pro
1097 1841 1169 1869 me
1205 1826 1302 1881 ipso
1339 1832 1382 1868 et
1418 1825 1626 1868 omnibus
1663 1825 2026 1868 christifidelibus
2056 1832 2103 1868 vt

288 1901 505 1956 prefertur
536 1897 919 1941 consentientibus
941 1903 984 1939 et
1007 1896 1051 1938 in
1075 1896 1219 1938 maius
1252 1896 1386 1937 robur
1417 1894 1563 1949 sigilla
1584 1894 1850 1937 venerabilis
1871 1901 1913 1936 et
1937 1895 2099 1949 egregij

287 1970 368 2012 viri
391 1968 594 2024 magistri
616 1969 792 2010 Andree
815 1967 928 2009 kelle
950 1965 1216 2008 thesaurarii
1239 1980 1290 2007 ac
1315 1964 1531 2008 Officialis
1554 1964 1861 2007 abirdonensis
1884 1963 1951 2007 sui
1969 1964 2101 2007 officii

288 2056 390 2084 eum
425 2040 570 2095 sigillo
592 2038 769 2081 honesti
798 2038 878 2080 viri
903 2037 1087 2080 Roberti
1119 2037 1278 2079 culane
1307 2035 1540 2091 burgensis
1568 2036 1622 2078 de
1648 2035 1856 2078 abirdene
1888 2050 1939 2078 ac
1970 2034 2101 2077 Vnius

287 2111 554 2155 balliuorum
578 2109 684 2152 dicti
707 2107 833 2163 burgi
851 2113 1088 2163 procurata
1106 2106 1387 2161 presentibus
1405 2111 1508 2148 sunt
1531 2119 1730 2160 appensa
1752 2106 1870 2159 apud
1893 2103 2101 2147 abirdene

285 2180 520 2224 vndecimo
553 2179 622 2222 die
656 2178 824 2221 mensis
853 2176 1005 2232 aprilis
1030 2178 1160 2219 Anno
1187 2174 1354 2218 domini
1388 2174 1625 2217 millesimo
1660 2173 2100 2229 quadringentesimo

288 2250 593 2306 Nonagesimo
620 2248 810 2304 septimo
835 2249 997 2292 Coram
1023 2245 1225 2288 honestis
1253 2252 1295 2287 et
1325 2245 1529 2287 discretis
1553 2244 1659 2286 viris
1688 2244 1868 2287 domino
1900 2243 2100 2286 Iohanne

285 2322 465 2364 fentone
496 2319 728 2364 Willelmo
760 2318 928 2361 murres
957 2317 1158 2360 Iohanne
1192 2315 1360 2358 murres
1381 2315 1633 2357 Alexandro
1655 2313 1828 2369 gregori
1851 2319 1894 2356 et
1926 2314 2100 2357 roberto

286 2393 446 2448 gothra
468 2398 511 2434 et
544 2390 725 2434 matheo
748 2390 891 2445 pacok
913 2387 1087 2431 notario
1109 2387 1287 2442 publico
1311 2401 1412 2428 curn
1436 2384 1624 2428 diuersis
1645 2385 1745 2428 aliis

403 2463 591 2504 Summa
613 2459 746 2502 huius
767 2459 808 2514 vj
834 2458 893 2501 lib
916 2457 1005 2512 xiiij
1025 2473 1044 2499 s
1069 2457 1141 2511 viij
1160 2458 1186 2498 d

1132 2654 1255 2695 LIV.

412 2748 660 2790 MNIBUS
683 2747 799 2790 hanc
824 2748 1007 2790 Cartam
1031 2745 1192 2787 visuris
1220 2745 1289 2786 vel
1318 2743 1537 2786 audituris
1558 2744 1759 2785 Andreas
1792 2756 1971 2796 murray
1998 2742 2097 2783 bur-

467 2817 618 2872 gensis
639 2816 766 2872 burgi
792 2818 845 2859 de
873 2816 1094 2858 Abirdene
1118 2816 1335 2857 Eternam
1370 2813 1415 2855 in
1438 2813 1618 2856 domino
1642 2812 1844 2855 Salutem
1868 2810 2098 2853 Noueritis

288 2903 359 2930 me
390 2887 434 2929 in
461 2888 675 2929 honorem
709 2886 794 2929 Dei
826 2884 1146 2940 omnipotentis
1176 2884 1331 2927 Sancti
1363 2883 1601 2926 saluatoris
1630 2881 1887 2926 beatissime
1914 2879 2098 2935 virginis

288 2956 426 3000 marie
448 2963 491 2999 et
514 2956 714 2998 omnium
738 2961 995 2997 sanctorum
1019 2969 1097 3009 pro
1127 2954 1271 2996 salute
1294 2952 1442 2995 anime
1471 2967 1568 2995 mee
1598 2951 1848 2994 animarum
1873 2951 2096 3005 quondam

1181 3024 1209 3053 N

2127 2750 2186 2782 fol.
2201 2752 2239 2782 39
2252 2748 2263 2769 ยน
