2524 3418
411 334 463 387 98
994 333 1209 374 Fundacio
1239 332 1274 373 A
1287 332 1404 372 ndrec
1435 331 1612 384 Murray

410 447 583 496 agnetis
624 447 886 489 nicholsoun
929 461 1089 501 sponse
1132 461 1227 488 mee
1270 451 1503 499 parentum
1550 443 1879 486 benefactorum
1922 447 1964 484 et
2006 441 2205 484 omnium

412 516 604 557 fidelium
644 517 950 558 defunctorum
988 514 1160 556 dedisse
1199 513 1472 560 concessisse
1507 518 1549 554 et
1586 513 1670 553 hac
1707 511 1900 566 presenti
1943 518 2065 552 carta
2107 525 2206 553 mea

411 586 697 627 confirmasse
744 584 933 626 discreto
979 583 1072 624 viro
1120 581 1299 624 domino
1349 581 1536 634 Iohannj
1583 580 1793 622 chavmer
1837 578 2067 633 capellano
2109 593 2208 621 meo

412 661 623 707 perpetuo
655 652 808 695 altaris
837 651 979 694 sancti
1009 650 1246 693 saluatoris
1274 664 1351 705 per
1380 664 1449 692 me
1476 650 1660 692 fundato
1687 648 1731 690 in
1757 647 1944 690 ecclesia
1966 646 2209 702 parochiali

412 722 516 764 dicti
551 721 674 776 burgi
707 736 879 764 annuos
911 720 1108 762 redditus
1140 735 1262 762 meos
1300 718 1573 773 subscriptos
1604 717 1808 759 videlicet
1839 731 1976 759 vnum
2011 729 2209 758 annuum

413 791 632 834 redditum
665 790 807 833 decim
837 790 1078 832 solidorum
1108 796 1150 831 et
1187 795 1287 831 octo
1316 787 1596 830 denariorum
1625 785 1857 829 annuatim
1886 785 2127 828 leuandum
2159 785 2213 826 de

413 868 507 903 tota
543 867 585 903 et
628 860 799 915 integra
840 866 956 902 terra
993 858 1126 902 dauid
1167 859 1327 913 kyntor
1370 859 1550 900 Iacente
1586 856 1698 899 infra
1739 855 1907 898 dictum
1945 856 2133 909 burgum
2170 853 2214 895 in

413 929 509 971 vico
539 928 671 971 castri
695 943 747 971 ex
769 928 933 971 boreali
959 934 1083 983 parte
1112 926 1309 969 eiusdem
1332 926 1416 968 vici
1442 926 1558 968 inter
1581 932 1744 967 terram
1768 925 1991 979 quondam
2023 921 2215 965 Ranaldi

414 999 610 1041 talzeour
641 1012 693 1040 ex
724 997 926 1040 orientali
959 1012 1012 1040 ex
1041 1011 1128 1040 vna
1160 1004 1203 1040 et
1234 1003 1398 1040 terram
1430 995 1644 1038 Iohannis
1678 996 1835 1038 Rattre
1864 1009 1916 1037 ex
1951 992 2215 1036 occidentali

415 1067 614 1122 partibus
645 1069 700 1110 ab
732 1067 872 1110 altera
900 1074 942 1110 et
972 1081 1234 1110 communes
1258 1066 1354 1109 vias
1387 1065 1531 1120 regias
1555 1079 1709 1107 versus
1741 1070 1943 1107 austrum
1973 1069 2016 1105 et
2044 1061 2213 1106 boriam

416 1138 474 1178 Et
497 1136 634 1179 aliurn
653 1151 851 1179 annuum
869 1137 1089 1179 redditum
1108 1136 1250 1179 decim
1269 1136 1509 1178 solidorum
1528 1134 1760 1177 annuatim
1779 1140 2013 1176 exeuntem
2032 1133 2085 1175 de
2098 1138 2216 1174 terra

415 1206 524 1249 tofto
566 1213 609 1248 et
652 1206 790 1249 crofto
832 1207 1056 1261 quondam
1100 1204 1325 1248 alexandri
1365 1204 1586 1260 fyndelaw
1622 1202 1842 1246 carnificis
1878 1200 2134 1244 Iacentibus
2171 1200 2215 1242 in

413 1275 509 1330 futy
531 1275 645 1318 inter
675 1283 839 1318 terram
872 1275 978 1319 dicti
1010 1275 1235 1318 alexandri
1262 1289 1314 1317 ex
1339 1274 1523 1317 australi
1550 1288 1602 1316 ex
1623 1288 1710 1316 vna
1732 1279 1774 1315 et
1797 1278 1960 1315 terram
1993 1271 2216 1326 quondam

417 1345 631 1388 Iohannis
663 1346 871 1401 gallouay
903 1360 955 1388 ex
986 1345 1140 1389 boriali
1174 1344 1374 1400 partibus
1406 1346 1461 1387 ab
1493 1344 1632 1386 altera
1665 1343 1976 1386 extendentem
2006 1341 2050 1383 in
2079 1339 2217 1395 longi-

415 1414 567 1457 tudine
600 1416 655 1458 ad
687 1416 726 1458 le
759 1415 904 1470 lynkis
934 1429 1089 1457 versus
1120 1414 1266 1457 oriens
1297 1421 1340 1456 et
1375 1427 1658 1456 communem
1700 1412 1818 1455 viam
1860 1411 2027 1466 regiam
2063 1423 2218 1452 versus

414 1484 620 1527 occidens
646 1484 690 1526 in
717 1492 1008 1540 augmentum
1035 1484 1294 1540 Capellanie
1317 1499 1413 1527 mee
1439 1485 1494 1527 ad
1517 1484 1685 1526 dictum
1709 1483 1848 1525 altare
1870 1483 2014 1524 denuo
2034 1480 2218 1523 fundate

416 1552 763 1597 TENENDOS
786 1560 828 1596 et
852 1554 1079 1597 habendos
1101 1560 1220 1596 totos
1242 1561 1284 1596 et
1307 1554 1504 1609 integros
1526 1553 1669 1596 dictos
1691 1553 1802 1595 duos
1825 1565 1998 1594 annuos
2019 1549 2218 1592 redditus

417 1635 516 1662 cum
541 1621 633 1663 suis
655 1622 941 1676 pertinenciis
963 1623 1132 1677 prefato
1162 1622 1394 1677 capellano
1423 1629 1466 1665 et
1496 1621 1588 1664 suis
1621 1620 1952 1664 successoribus
1974 1617 2218 1674 capellanis

417 1690 641 1744 perpetuis
665 1691 786 1734 Dicti
817 1691 970 1734 altaris
999 1707 1024 1735 a
1053 1707 1124 1734 me
1153 1699 1195 1734 et
1224 1692 1460 1735 heredibus
1485 1691 1596 1734 meis
1625 1691 1669 1733 in
1698 1705 1855 1746 puram
1884 1696 1927 1733 et
1956 1695 2216 1745 perpetuam

417 1759 708 1813 elymosinam
749 1762 1082 1816 Imperpetuum
1121 1762 1235 1804 Cum
1278 1760 1399 1803 omni
1435 1762 1536 1803 Iure
1569 1766 1612 1802 et
1656 1759 1772 1802 Iuris
1809 1759 1980 1802 clameo
2021 1771 2073 1800 ac
2114 1771 2216 1800 cum

418 1827 623 1870 omnibus
645 1835 688 1870 et
711 1828 898 1883 singulis
921 1829 1200 1872 libertatibus
1226 1829 1621 1872 commoditatibus
1650 1835 1693 1871 et
1717 1827 1980 1871 asiamentis
2001 1841 2054 1870 ac
2078 1825 2217 1869 Iustis

418 1896 510 1938 suis
525 1896 809 1951 pertinenciis
826 1898 1161 1954 quibuscunque
1179 1900 1235 1942 ad
1253 1899 1397 1942 dictos
1410 1913 1583 1942 annuos
1597 1898 1795 1941 redditus
1812 1912 1914 1941 cum
1931 1895 2218 1953 pertinenciis

419 1965 724 2019 spectantibus
760 1981 838 2009 seu
877 1968 1000 2009 Iuste
1037 1974 1239 2022 spectare
1274 1967 1528 2010 valentibus
1565 1966 1896 2022 quomodolibet
1937 1965 1982 2008 in
2017 1965 2217 2008 futurum

419 2035 481 2075 Ac
505 2034 744 2088 capiendos
761 2035 994 2078 annuatim
1017 2043 1060 2078 et
1083 2036 1298 2079 leuandos
1322 2037 1391 2078 De
1415 2035 1562 2078 Dictis
1578 2035 1707 2078 terris
1729 2050 1830 2078 curn
1853 2033 2140 2090 pertinenciis
2162 2033 2217 2075 ad

419 2103 530 2144 duos
561 2102 666 2145 anni
697 2103 912 2146 terminos
942 2104 1120 2147 vsuales
1151 2111 1434 2160 pentecostes
1460 2103 1666 2147 videlicet
1698 2110 1742 2147 et
1775 2103 1929 2158 Sanctj
1961 2101 2140 2156 martinj
2174 2101 2219 2144 in

419 2186 546 2226 yeme
569 2186 646 2227 per
666 2172 846 2227 equales
868 2173 1100 2228 porciones
1122 2180 1164 2216 et
1187 2188 1290 2216 curn
1313 2173 1450 2216 libera
1471 2179 1692 2228 potestate
1719 2171 1862 2215 dictas
1886 2178 2028 2214 terras
2049 2169 2219 2212 inhabi-

420 2247 568 2282 tantes
586 2242 764 2283 easdem
788 2247 830 2284 et
854 2256 934 2284 sua
955 2242 1072 2284 bona
1095 2243 1150 2285 ad
1173 2256 1334 2285 manus
1351 2241 1551 2297 proprias
1572 2256 1650 2296 pro
1672 2239 1926 2283 huiusmodi
1943 2238 2105 2282 annuis
2125 2238 2220 2280 red-

421 2309 586 2351 ditibus
608 2324 791 2352 namare
808 2317 851 2353 et
869 2310 1132 2366 distringere
1148 2311 1320 2354 tociens
1338 2311 1549 2366 quociens
1566 2325 1677 2366 opus
1692 2309 1823 2353 fuerit
1841 2309 1935 2352 sine
1957 2322 2221 2364 quocunque

424 2377 538 2420 Iuris
561 2377 764 2421 ministro
795 2380 918 2422 Adeo
949 2379 1084 2422 libere
1115 2379 1312 2435 plenarie
1343 2379 1513 2435 integre
1544 2378 1785 2422 honorifice
1817 2379 1927 2423 bene
1959 2384 2002 2421 et
2034 2377 2079 2420 in
2110 2391 2221 2433 pace

422 2445 466 2487 in
489 2446 695 2489 omnibus
717 2453 759 2488 et
782 2461 858 2502 per
879 2447 1029 2490 omnia
1051 2447 1166 2491 sicut
1188 2447 1350 2504 aliquis
1372 2462 1548 2491 annuus
1569 2447 1767 2491 redditus
1788 2446 1974 2490 ecclesie
1995 2446 2040 2489 in
2062 2460 2220 2502 puram

422 2520 465 2556 et
497 2520 758 2569 perpetuam
791 2515 1084 2570 elymosinam
1116 2515 1229 2560 infra
1260 2516 1429 2560 dictum
1466 2517 1654 2572 burgum
1686 2517 1819 2560 datur
1844 2515 2115 2559 Conceditur
2145 2521 2222 2558 aut

422 2583 674 2636 possidetur
710 2583 804 2625 sine
840 2584 1131 2628 reuocacione
1167 2585 1492 2629 reclamacione
1528 2591 1605 2628 aut
1647 2584 1998 2628 contradictione
2039 2583 2222 2640 aliquali

423 2666 523 2694 mea
552 2652 764 2695 heredum
789 2667 987 2695 meorum
1016 2654 1345 2710 assignatorum
1378 2660 1454 2698 aut
1483 2653 1672 2697 aliorum
1701 2668 2066 2709 quorumcunque
2095 2652 2222 2696 Faci-

423 2721 564 2762 endus
589 2720 690 2763 inde
721 2721 867 2763 dictus
899 2722 1106 2765 dominus
1139 2724 1364 2766 Iohannes
1396 2729 1439 2765 et
1471 2723 1538 2778 suj
1573 2737 1853 2766 successores
1881 2722 2101 2778 capellani
2129 2737 2224 2778 per-

425 2788 544 2842 petui
587 2788 786 2831 eiusdem
829 2790 1074 2844 capellanie
1122 2791 1274 2834 diuina
1322 2791 1531 2846 suffragia
1573 2806 1652 2847 pro
1701 2792 1844 2834 salute
1886 2791 2136 2834 animarum
2178 2791 2223 2833 in

422 2858 688 2899 fundacione
725 2873 825 2900 mea
860 2866 1218 2914 expressatarum
1256 2861 1312 2903 ad
1348 2860 1517 2903 dictum
1554 2861 1694 2903 altare
1736 2860 1884 2903 debita
1926 2868 1968 2904 et
2010 2866 2224 2904 consueta

424 2932 600 2967 tantum
642 2941 720 2981 pro
761 2927 881 2981 omnj
927 2927 1013 2969 alio
1055 2928 1242 2971 seruicio
1284 2930 1400 2983 quod
1442 2930 1495 2971 de
1537 2928 1747 2983 predictis
1781 2928 1942 2972 annuis
1982 2928 2228 2972 redditibus
