2524 3418
702 315 833 358 Carta
863 314 1044 357 Domini
1072 313 1273 356 Iohannis
1309 315 1420 357 Vaus
1887 314 1966 356 161

935 442 1194 483 LXXXVI.

267 539 395 582 Cana
426 537 607 581 Domini
636 536 837 579 Iohannis
873 537 984 580 Vaus
1015 551 1123 578 nnnc
1159 536 1374 579 Wilhelmi
1402 551 1496 579 mar
1525 536 1571 579 in
1603 537 1642 592 ly
1671 551 1793 592 grene
1824 537 1871 579 de
2000 535 2140 569 f01.641

903 606 1056 661 viginti
1085 606 1227 648 solidis

293 702 541 744 MNIBUS
578 701 694 743 hanc
731 706 902 743 cartam
940 700 1116 743 Visuris
1143 700 1212 743 Vel
1245 700 1463 743 audituris
1496 701 1719 744 Dominus
1748 701 1974 744 Iohannes

349 773 495 814 Waus
518 771 778 825 capellanus
802 772 1019 812 Eternam
1042 771 1086 812 in
1110 771 1290 813 domino
1315 772 1516 813 Salutem
1541 771 1770 814 Noueritis
1791 786 1862 814 me
1885 787 1973 814 non

163 842 206 884 vi
239 847 316 884 aut
350 847 472 882 metu
505 841 689 882 ductum
724 840 800 881 sed
833 846 1008 882 mature
1041 839 1267 882 auisatum
1299 840 1492 883 Vtilitate
1525 856 1623 884 mea
1655 841 1699 882 in
1732 841 1816 883 hac
1849 848 1975 896 parte

163 911 356 965 vndique
379 909 557 965 preuisa
581 911 641 951 Et
665 909 903 963 diligenter
924 909 1207 952 considerata
1234 925 1286 952 ex
1309 911 1442 952 certis
1465 911 1613 953 causis
1635 911 1975 954 rationabilibus

165 981 365 1023 animum
393 994 542 1021 meum
576 979 861 1021 mouentibus
893 980 1067 1022 dedisse
1100 981 1375 1023 concessisse
1407 988 1449 1023 et
1483 983 1537 1024 ad
1568 983 1865 1025 feudifirmam
1898 998 1976 1026 seu

165 1049 479 1106 emphiteosim
502 1049 770 1092 hereditarie
788 1049 1011 1092 dimisisse
1034 1056 1077 1092 et
1095 1050 1180 1092 hac
1198 1057 1403 1105 presente
1426 1058 1550 1094 carta
1569 1067 1669 1094 mea
1686 1054 1977 1096 confirmasse

166 1123 354 1164 Necnon
401 1127 555 1162 tenore
596 1119 871 1175 presentium
921 1121 1025 1162 dare
1074 1122 1316 1163 concedere
1364 1128 1406 1164 et
1456 1123 1511 1164 ad
1558 1123 1856 1166 feudifirmam
1898 1138 1977 1166 seu

166 1190 481 1246 emphiteosim
504 1190 770 1232 hereditarie
793 1190 1018 1233 dimittere
1042 1196 1085 1232 et
1107 1190 1192 1234 hac
1215 1197 1422 1246 presente
1445 1198 1568 1235 carta
1591 1207 1691 1235 mea
1714 1194 1977 1236 confirmare

166 1262 352 1317 prouido
398 1260 493 1303 viro
539 1260 789 1304 Wilhelmo
837 1275 933 1303 mar
978 1261 1188 1316 burgensi
1232 1263 1285 1303 de
1337 1263 1555 1304 aberdene
1602 1262 1695 1305 suis
1741 1263 1978 1307 heredibus

168 1334 228 1375 Et
251 1331 493 1387 assignatis
514 1330 680 1374 Totam
708 1337 751 1373 et
783 1330 1005 1386 integram
1039 1331 1162 1374 illam
1195 1338 1361 1374 terram
1385 1347 1532 1375 meam
1566 1347 1667 1375 cum
1691 1333 1978 1387 pertinenciis

168 1405 399 1446 Iacentem
423 1402 545 1445 Infra
574 1403 764 1457 burgum
787 1403 841 1444 de
864 1403 1084 1445 aberdene
1116 1402 1161 1444 in
1190 1402 1288 1445 vico
1320 1403 1458 1446 veridi
1488 1418 1541 1445 ex
1567 1403 1722 1445 boriali
1745 1410 1871 1459 parte
1892 1403 1978 1446 vici

167 1474 274 1530 regij
301 1488 387 1529 quo
409 1473 499 1516 itur
527 1474 583 1515 ad
609 1473 653 1528 ly
684 1472 884 1528 powbrig
914 1473 1030 1515 inter
1060 1479 1225 1516 terram
1259 1475 1484 1528 quondam
1519 1474 1703 1517 Roberti
1735 1475 1895 1529 gothro
1927 1490 1981 1518 ex

167 1544 333 1589 boreali
356 1559 409 1586 ex
429 1558 517 1586 vna
541 1558 803 1586 communes
828 1543 925 1586 vias
946 1543 1092 1598 regias
1115 1559 1167 1586 ex
1190 1544 1374 1587 australi
1398 1551 1440 1587 et
1473 1544 1677 1587 orientali
1700 1545 1902 1599 partibus
1925 1547 1980 1589 ab

168 1616 309 1659 altera
332 1621 374 1657 et
397 1621 562 1657 terram
587 1615 813 1669 quondam
836 1614 1006 1657 henrici
1029 1616 1185 1657 bawne
1207 1630 1363 1657 versus
1385 1615 1592 1658 occidens
1614 1615 1978 1659 TENENDAM

169 1692 211 1728 et
234 1686 487 1728 habendam
509 1691 653 1727 totam
687 1691 730 1727 et
763 1684 985 1740 integram
1009 1685 1175 1728 dictam
1208 1692 1373 1729 terram
1408 1701 1509 1728 cum
1543 1686 1830 1742 pertinenciis
1862 1687 1980 1730 dicto

167 1755 394 1798 wilhelmo
437 1769 533 1797 mar
580 1754 672 1797 suis
714 1755 951 1798 heredibus
1003 1761 1045 1798 et
1088 1755 1331 1811 assignatis
1373 1757 1426 1798 de
1468 1771 1538 1799 me
1580 1757 1818 1801 heredibus
1869 1758 1980 1801 meis

169 1832 212 1868 et
249 1825 491 1880 assignatis
522 1825 567 1867 in
603 1825 732 1868 feodo
764 1831 807 1868 et
844 1826 1091 1869 hereditate
1129 1833 1171 1869 et
1205 1827 1482 1882 emphiteose
1514 1827 1844 1884 imperpetuum
1877 1845 1979 1873 cum

169 1895 291 1938 omni
332 1894 426 1937 iure
468 1901 511 1937 et
553 1894 836 1938 iurisclameo
877 1895 1010 1938 titulo
1051 1896 1322 1951 proprietate
1356 1897 1638 1952 possessione
1680 1914 1782 1941 curn
1820 1900 1981 1944 debitis

169 1965 448 2021 longitudine
490 1971 533 2007 et
579 1965 816 2008 latitudine
858 1980 960 2008 curn
1007 1966 1194 2022 edificijs
1241 1969 1431 2023 desuper
1476 1969 1746 2012 constructis
1792 1977 1836 2013 et
1879 1986 1980 2014 con-

169 2035 394 2078 struendis
435 2049 536 2077 cum
587 2035 810 2090 lapidibus
854 2035 987 2091 lignis
1028 2042 1070 2079 et
1116 2037 1238 2079 calce
1279 2038 1344 2080 Ac
1382 2052 1484 2080 cum
1527 2039 1734 2082 omnibus
1775 2040 1877 2096 alijs
1919 2043 1980 2084 Et

170 2104 358 2160 singulis
404 2103 686 2147 libertatibus
733 2105 1157 2149 commodietatibus
1203 2112 1246 2149 et
1294 2106 1557 2150 asiamentis
1608 2124 1659 2151 ac
1711 2109 1841 2152 iustis
1887 2111 1980 2153 suis

169 2175 457 2231 pertinenciis
513 2175 852 2230 quibuscunque
913 2176 1028 2219 Tam
1090 2191 1178 2219 non
1240 2177 1484 2220 nominatis
1541 2194 1674 2234 quam
1736 2181 1981 2224 nominatis

169 2246 286 2288 Tam
313 2246 471 2287 subtus
502 2251 622 2287 terra
654 2260 788 2300 quam
823 2260 956 2300 super
986 2253 1151 2288 terram
1185 2248 1240 2289 ad
1272 2247 1518 2302 predictam
1551 2255 1717 2292 terram
1750 2265 1852 2292 cum
1885 2266 1979 2305 per-

169 2313 378 2357 tinenciis
413 2315 722 2369 spectantibus
757 2330 835 2357 seu
870 2316 986 2358 iuste
1025 2323 1226 2371 spectare
1266 2318 1520 2361 valentibus
1562 2321 1893 2374 quomodolibet
1935 2323 1979 2364 in

169 2385 369 2427 futurum
402 2384 537 2427 libere
570 2385 717 2440 quiete
750 2386 947 2441 plenarie
990 2386 1159 2442 integre
1192 2389 1435 2432 honorifice
1468 2392 1578 2433 bene
1602 2399 1644 2434 et
1674 2393 1718 2434 in
1748 2409 1856 2448 pace
1886 2394 1981 2436 sine

171 2455 491 2510 impedimento
528 2457 760 2499 obstaculo
805 2464 882 2499 aut
919 2458 1203 2501 reuocatione
1241 2460 1578 2517 quibuscunque
1617 2464 1979 2508 REDDENDO

171 2525 273 2567 inde
296 2524 530 2567 annuatim
554 2525 700 2569 dictus
722 2526 998 2570 Wilhelmus
1031 2528 1098 2570 sui
1121 2529 1306 2572 heredes
1339 2537 1415 2573 aut
1438 2532 1655 2587 assignati
1679 2533 1788 2575 mihi
1811 2534 1980 2577 heredi-

171 2597 254 2639 bus
277 2595 389 2637 meis
411 2601 487 2638 aut
517 2596 759 2651 assignatis
792 2612 1017 2640 summam
1051 2598 1305 2653 quindecim
1339 2601 1581 2644 solidorum
1604 2603 1773 2646 vsualis
1802 2611 1980 2647 monete

171 2666 296 2721 regni
333 2665 472 2708 scotie
509 2667 564 2709 ad
601 2668 712 2709 duos
746 2668 850 2710 anni
891 2669 1109 2712 terminos
1144 2671 1322 2713 vsuales
1354 2672 1661 2726 penthicostes
1696 2673 1901 2716 videlicet
1939 2681 1982 2717 et

173 2736 317 2779 sancti
340 2736 518 2791 martinj
543 2736 588 2778 in
609 2752 737 2792 yeme
759 2753 838 2793 per
860 2739 1042 2794 equales
1064 2741 1175 2782 duas
1198 2741 1369 2783 medias
1397 2742 1622 2796 portiones
1644 2743 1824 2786 nomine
1845 2744 1981 2786 feudi-

173 2807 298 2849 firme
320 2807 523 2850 Aeetiam
548 2808 762 2851 soluendo
792 2810 1003 2852 fratribus
1026 2811 1357 2854 carmelitarum
1385 2813 1491 2855 dicti
1524 2814 1649 2869 burgj
1674 2821 1717 2856 et
1740 2817 1980 2857 eorundem
2015 2833 2104 2864 Now
2116 2832 2144 2865 is
2161 2834 2279 2874 James

174 2877 506 2920 successoribus
527 2878 737 2921 fratribus
759 2879 865 2922 dicti
895 2881 979 2923 loci
1004 2896 1141 2938 vnum
1170 2897 1368 2924 annuum
1401 2884 1623 2926 redditum
1657 2885 1850 2940 quinque
1883 2886 1982 2929 soli-
2014 2876 2175 2909 brabners

173 2948 329 2990 dorum
364 2948 551 2990 Necnon
585 2948 830 3003 capellanis
866 2950 988 2993 chori
1028 2952 1214 2994 ecclesie
1246 2952 1514 3007 parochialis
1551 2954 1640 3009 diuj
1680 2955 1888 3012 nicholaij
1929 2958 1982 3000 de
2013 2920 2113 3005 {gand
2130 2921 2194 2953 few
2210 2921 2260 2954 for

1066 3022 1093 3052 X
