2524 3418
392 1352 651 1383 Vns-marmus
673 1348 770 1380 multi
793 1354 871 1380 ante
893 1357 956 1379 nos
976 1347 1110 1379 fuerunt
1129 1345 1339 1387 temporibus
1359 1344 1440 1385 suis,
1459 1344 1527 1386 qui,
1546 1344 1638 1376 ducti
1657 1344 1837 1377 devotione
1856 1353 1993 1385 magna,
2011 1343 2045 1374 in
2065 1344 2192 1376 honore

396 1407 458 1438 Dei
480 1405 745 1447 Omnipotentis,
763 1410 903 1435 sanctae
928 1403 1057 1434 Mariae
1073 1401 1235 1443 Virginis,
1256 1411 1295 1433 ac
1318 1400 1505 1433 beatissimi
1529 1400 1735 1433 confessoris
1759 1400 1856 1432 Beati
1881 1400 2039 1431 Nicholai
2060 1400 2193 1441 patroni

394 1461 511 1498 nostri,
529 1467 562 1492 et
579 1459 730 1492 omnium
751 1465 946 1490 sanctorum
965 1457 1040 1494 Dei,
1058 1457 1301 1489 decoraverunt
1317 1462 1350 1488 et
1367 1455 1616 1488 adornaverunt
1635 1461 1779 1487 matrem
1799 1461 1950 1488 nostram
1971 1454 2191 1496 spiritualem,

393 1516 571 1548 ecclesiam
595 1514 824 1556 parochialem
844 1513 885 1546 de
905 1512 1092 1552 Aberdene,
1113 1511 1265 1554 pluribus
1288 1510 1463 1543 beneficiis
1484 1517 1518 1542 et
1539 1510 1696 1552 operibus
1718 1511 1866 1547 sanctis;
1891 1520 2033 1552 quorum
2055 1510 2194 1542 nomina

394 1571 427 1601 in
445 1570 531 1602 libro
546 1570 636 1601 vitae
659 1574 747 1608 sunt,
770 1568 890 1600 merita
912 1567 945 1598 in
969 1567 1083 1603 coelis,
1101 1572 1134 1598 et
1158 1565 1292 1598 animae
1315 1571 1511 1597 sanctorum
1534 1565 1758 1607 coaequales;
1783 1570 1817 1596 et
1833 1565 1901 1596 sere
1917 1574 2033 1596 eorum
2055 1565 2195 1596 nomina

394 1632 427 1657 et
444 1635 546 1667 opera
562 1630 682 1656 sancta
697 1623 800 1655 modo
816 1622 994 1654 traduntur
1015 1620 1188 1654 oblivioni.
1241 1619 1307 1651 Sed
1333 1620 1362 1651 O
1385 1629 1487 1661 quam
1505 1619 1646 1661 dignum
1663 1625 1696 1651 et
1712 1620 1843 1661 justum
1860 1624 1922 1657 est,
1944 1625 1977 1650 et
1993 1618 2056 1650 toti
2072 1618 2195 1650 rationi

395 1691 595 1717 consonum,
621 1687 656 1712 ut
681 1679 821 1712 nomina
843 1689 959 1710 eorum
985 1684 1018 1709 et
1046 1677 1137 1709 bona
1164 1686 1266 1718 opera
1294 1675 1336 1707 ad
1362 1675 1560 1706 memoriam
1585 1684 1805 1715 revocemus;
1837 1680 1874 1706 ut
1897 1673 1938 1705 de
1962 1674 2053 1706 bono
2075 1683 2139 1715 ope
2162 1679 2196 1705 et

395 1736 574 1768 devotione
600 1735 741 1777 proximi
768 1734 915 1766 habeant
941 1733 1145 1774 exemplum,
1171 1738 1205 1764 et
1231 1731 1421 1773 glorificent
1449 1731 1559 1762 Deum
1585 1736 1750 1767 nostrum,
1772 1729 1837 1772 Qui
1863 1729 1896 1760 in
1922 1729 2027 1761 coelis
2051 1734 2114 1768 est,
2138 1739 2196 1770 per

396 1792 505 1833 Quem
532 1791 647 1823 omnia
675 1790 766 1822 sacta
793 1796 882 1827 sunt,
908 1794 942 1821 et
969 1789 1042 1820 sine
1071 1789 1147 1830 Quo
1174 1788 1301 1819 facturn
1329 1792 1381 1818 est
1408 1786 1512 1818 nihil:
1545 1786 1609 1818 Cui
1634 1786 1720 1823 laus,
1750 1790 1914 1827 potestaS‚
1945 1784 2131 1826 imperium,
2162 1789 2196 1815 et

397 1845 505 1887 gloria
527 1845 621 1884 fiant,
649 1855 706 1886 per
730 1843 863 1875 infinita
887 1843 1077 1875 seculorum
1102 1842 1225 1875 secula.
1275 1841 1395 1873 Amen.

1516 1895 1692 1928 —CartuL
1713 1895 1750 1926 S.
1767 1893 1905 1927 Nichol.
1921 1892 2043 1926 Aberd.
2063 1893 2126 1926 IX.
