2524 3418
748 316 933 357 Domitio
964 316 1103 357 calicis
1134 317 1263 358 altari
1294 317 1401 358 beate
1432 331 1537 359 anne
1974 334 2055 375 249

250 432 286 474 si
352 431 587 486 contigerit
659 431 852 486 aliquem
909 430 1128 474 dictorum
1201 432 1535 486 capellanorum
1607 434 1794 476 deficere
1860 435 1905 477 in
1977 451 2056 478 suo

249 502 438 545 seruicio
499 516 599 544 curn
652 502 884 544 celibraret
936 501 1190 544 huiusmodi
1233 502 1418 545 missam
1469 503 1598 546 Tunc
1652 504 1862 546 collector
1903 520 2057 547 eorun-

249 573 349 614 dem
392 586 470 626 pro
512 578 712 626 tempore
758 571 902 625 capiet
955 571 1188 613 duodecim
1232 572 1436 614 denarios
1480 573 1628 627 Ipsius
1679 574 1910 629 Capellanj
1955 576 2057 618 defi-

249 641 408 683 cientis
450 641 495 682 in
538 655 618 682 suo
660 640 847 682 seruicio
889 655 999 694 quos
1039 641 1203 683 tribuet
1249 642 1377 684 alteri
1426 643 1658 696 capellano
1699 643 1772 697 quj
1827 644 2057 687 celibrabit

248 712 435 753 eandem
470 710 655 753 missam
687 710 782 753 vice
806 725 886 752 sua
921 712 980 752 Et
1013 710 1094 752 hec
1129 711 1279 754 omnia
1313 718 1356 753 et
1389 712 1564 767 singula
1593 714 1630 754 A
1664 713 1796 755 dictis
1828 721 1981 757 curato
2015 721 2056 758 et

247 779 492 834 capellanis
529 794 580 822 ac
614 779 850 821 collectore
887 781 1127 822 eorundem
1164 795 1242 834 pro
1276 787 1476 835 tempore
1510 788 1552 823 et
1591 782 1683 824 suis
1725 784 2057 827 successoribus

248 850 492 904 capellanis
514 849 673 904 prefati
696 849 817 891 chori
841 849 1074 891 annuatim
1098 849 1450 893 hebdomidatim
1474 851 1627 893 dietim
1651 859 1693 894 et
1719 854 2055 908 Imperpetuum

249 920 574 963 Inuiolabiliter
603 921 896 962 obseruentur
926 927 972 961 vt
1005 935 1154 962 coram
1189 934 1366 962 summo
1400 921 1552 963 Iudice
1587 923 1638 963 In
1671 923 1740 965 die
1773 923 1982 966 terribilis
2014 932 2056 966 et

247 990 431 1045 extremj
469 990 625 1044 Iudicij
658 991 924 1044 respondere
945 990 1168 1032 voluerint
1192 992 1244 1032 In
1269 992 1468 1046 Quorum
1491 992 1691 1034 omnium
1715 999 1758 1035 et
1782 993 2056 1048 singulorum

246 1061 380 1102 fidem
422 1066 465 1102 et
507 1060 816 1102 testimonium
860 1061 958 1114 Ego
1001 1060 1200 1114 prefatus
1242 1061 1456 1116 magister
1491 1063 1693 1104 robertus
1730 1063 1900 1106 schand
1942 1064 2057 1106 hanc

246 1136 498 1185 presentem
533 1136 702 1172 cartam
731 1144 878 1171 meam
912 1130 1187 1172 fundationis
1219 1145 1356 1173 manu
1389 1146 1488 1174 mea
1520 1133 1696 1187 propria
1730 1133 1981 1188 Subscripsi
2014 1140 2056 1176 et

246 1199 392 1253 sigillo
414 1213 513 1240 meo
546 1198 722 1252 proprio
748 1198 953 1240 roboraui
985 1213 1178 1241 vnacum
1212 1200 1615 1255 subscriptionibus
1647 1202 1931 1245 manualibus
1962 1217 2057 1257 pre·
2088 1249 2097 1257 ,Α

244 1269 438 1310 fatorum
462 1267 604 1309 curati
628 1273 670 1309 et
694 1267 1028 1322 capellanorum
1062 1283 1139 1323 pro
1171 1275 1373 1323 tempore
1405 1271 1535 1324 Apud
1562 1271 1770 1314 abirdene
1793 1272 2056 1314 duodecimo

245 1338 315 1380 die
338 1338 505 1380 mensis
530 1337 631 1392 Iulij
666 1339 798 1380 Anno
833 1339 1015 1393 Dominj
1051 1339 1289 1382 millesimo
1323 1341 1682 1395 quingentesimo
1715 1343 2057 1397 quadragesimo

245 1410 440 1451 secundo
464 1423 613 1451 coram
636 1409 828 1451 testibus
855 1409 1190 1452 honorabilibus
1219 1411 1417 1465 prouidis
1450 1418 1492 1454 et
1525 1412 1730 1454 discretis
1751 1413 1858 1454 viris
1880 1413 2057 1456 Thoma

245 1494 424 1521 menzes
453 1485 560 1521 tunc
583 1479 809 1534 preposito
837 1479 943 1522 dicti
976 1480 1101 1535 burgi
1135 1481 1294 1523 dauide
1327 1484 1606 1525 andersoune
1639 1484 1878 1526 alexandro
1909 1499 2057 1539 ruyer-

243 1550 341 1592 furd
365 1551 529 1592 andrea
552 1564 731 1591 menzes
754 1549 969 1604 magistro
994 1550 1196 1592 Iohanne
1228 1553 1455 1606 gordoune
1488 1552 1666 1595 balliuis
1698 1553 1896 1595 eiusdem
1930 1553 2057 1608 burgi

245 1619 426 1662 domino
448 1619 630 1674 patritio
654 1619 954 1662 stewinsoune
984 1620 1165 1663 domino
1198 1621 1359 1664 dauide
1391 1621 1584 1665 loremar
1616 1622 1861 1677 capellanis
1894 1623 2057 1677 magis-

244 1690 325 1732 tris
376 1690 536 1732 dauide
585 1690 878 1732 nicholsoune
931 1691 1132 1733 Iohanne
1184 1691 1450 1734 nicholsoun
1502 1699 1545 1734 et
1599 1693 1801 1735 Iohanne
1853 1694 2057 1749 kennedy

244 1760 432 1815 notarijs
453 1760 644 1815 publicis
666 1775 767 1803 cum
791 1760 979 1803 diuersis
1001 1761 1102 1816 alijs

639 1899 870 1955 Vigesimo
892 1900 962 1943 die
985 1901 1153 1944 mensis
1173 1901 1380 1957 februarij
1407 1916 1524 1945 anno
1549 1914 1658 1959 1549

360 1982 532 2023 Eodem
575 1980 645 2023 die
685 1981 950 2024 venerabilis
990 1981 1057 2024 vir
1098 1982 1313 2037 magister
1357 1985 1559 2027 robertus
1603 1985 1773 2028 schand
1815 1993 1960 2029 rector
2000 1989 2053 2030 de

243 2050 412 2094 alnaiss
449 2065 500 2093 ac
542 2051 802 2105 capellanus
843 2052 998 2094 altaris
1034 2052 1135 2095 diue
1172 2067 1288 2095 anne
1325 2053 1438 2097 infra
1475 2055 1711 2098 ecclesiam
1748 2057 2051 2111 parochialem

241 2121 359 2163 beati
391 2121 570 2176 nicolaij
605 2123 659 2163 de
691 2122 899 2165 abirdene
929 2123 1112 2166 donauit
1135 2124 1254 2166 dicto
1276 2124 1406 2168 altari
1427 2140 1564 2168 vnum
1583 2126 1768 2169 calicem
1791 2135 2052 2183 argenteum

241 2190 450 2245 ponderis
491 2191 675 2245 triginta
719 2193 906 2234 duarum
953 2192 1184 2235 vnciarum
1232 2195 1343 2236 bene
1390 2196 1654 2238 deauratum
1708 2198 1894 2240 Prouiso
1936 2200 2052 2253 quod

241 2260 498 2303 huiusmodi
530 2261 645 2303 calix
679 2276 855 2317 semper
887 2262 968 2304 erit
1008 2264 1060 2304 In
1104 2264 1306 2307 custodia
1347 2266 1560 2320 prepositj
1605 2273 1647 2309 et
1690 2268 1956 2311 balliuorum
2000 2270 2052 2312 de

242 2329 424 2372 abirden
457 2330 501 2371 in
533 2331 665 2373 domo
695 2331 929 2386 capitulari
964 2332 1081 2375 dicte
1113 2334 1299 2376 ecclesie
1332 2334 1394 2378 sic
1425 2337 1541 2390 quod
1574 2351 1750 2392 semper
1780 2345 1963 2393 paratus
1996 2340 2053 2382 sit

242 2398 401 2453 cuique
433 2400 665 2454 capellano
697 2401 966 2444 celibraturo
999 2404 1116 2457 apud
1146 2403 1315 2446 dictum
1349 2405 1489 2448 altare
1512 2421 1661 2449 coram
1685 2408 1875 2451 testibus
1897 2409 2053 2453 thoma

242 2482 421 2511 menzes
462 2470 687 2524 preposito
729 2472 782 2513 de
823 2471 1032 2514 abirdene
1074 2473 1291 2527 magistro
1332 2476 1508 2518 roberto
1550 2476 1771 2519 lumisden
1814 2478 2053 2522 alexandro

240 2538 470 2593 ruyerfurd
512 2540 645 2583 dauid
687 2555 784 2583 mar
826 2542 960 2584 dauid
1008 2544 1260 2586 andersoun
1308 2545 1523 2600 magistro
1571 2547 1740 2589 Ioanne
1787 2548 2051 2592 nicholsoun

240 2614 283 2650 et
307 2608 522 2663 magistro
550 2610 750 2653 Iohanne
783 2611 987 2668 kennedy
1009 2613 1195 2668 notarijs
1218 2615 1408 2669 publicis
1431 2630 1532 2658 cum
1555 2616 1745 2659 diuersis
1767 2618 1867 2673 alijs

762 2740 980 2795 Magister
1003 2742 1227 2784 Robertus
1250 2741 1452 2796 [Schand
1462 2742 1505 2797 *]
1530 2759 1666 2787 manu
1689 2746 1865 2800 propria

759 2810 968 2854 dominus
992 2812 1218 2855 Iohannes
1241 2814 1387 2857 Waus
1409 2829 1546 2857 manu
1569 2816 1744 2870 propria

929 2965 947 2981 ⁴*
965 2965 1086 2996 Aliena
1104 2976 1207 2997 manu
1224 2967 1397 3008 scriptum.

1123 3023 1157 3053 11

2085 1991 2225 2025 donatio
2236 1994 2352 2026 calicis

2083 2036 2181 2067 altari
2198 2037 2295 2070 beate

2085 2090 2174 2112 anne
