2524 3418
778 327 926 370 Obitus
957 327 1151 383 magistri
1180 326 1330 382 robertj
1360 326 1514 369 schand
1968 341 2048 383 207

364 446 527 500 Magne
550 443 788 499 prudencie
810 442 891 484 viri
914 441 1173 485 Willelmus
1198 441 1374 496 turinge
1401 441 1647 496 stephanus
1670 443 1723 484 de
1747 443 1986 485 mannielle
2008 451 2050 485 et
2084 453 2234 502 Turipge

247 514 567 557 berthilomeus
589 515 642 556 de
666 512 928 567 Eglishame
954 512 1229 566 temporibus
1256 511 1347 553 suis
1370 518 1641 553 ornauerunt
1665 518 1707 553 et
1731 513 2052 554 decorauerunt
2084 497 2272 581 &2¹31ssoe

247 598 460 638 magnum
493 583 632 626 altare
665 581 782 625 beati
815 581 1024 635 nicholaij
1060 596 1160 623 cum
1194 595 1359 635 magna
1389 581 1597 635 ymagine
1629 581 1863 636 principali
1898 581 2053 623 Sancti

247 652 455 707 nicholaij
476 666 662 707 quorum
686 651 862 693 animas
883 650 928 692 in
952 650 1190 692 celestibus
1213 650 1399 692 collocet
1423 650 1656 692 altissimis
1678 652 1822 692 Amen

364 769 598 810 Honestus
618 766 684 808 vir
714 766 939 808 Iohannes
971 766 1226 808 anstrother
1257 765 1485 808 decorauit
1518 766 1657 808 altare
1690 766 1807 809 beati
1839 766 2049 821 nicholaij
2084 774 2285 806 Anstrother

247 851 348 879 cum
379 836 587 892 ymagine
621 836 785 878 Sancte
818 835 956 877 marie
989 841 1058 877 etc

361 952 492 993 Anno
513 949 680 993 domini
704 956 773 992 etc
796 949 1055 993 Willelmus
1078 950 1280 992 strabrok
1300 950 1505 992 fundauit
1529 950 1668 993 altare
1693 951 1846 993 Sancti
1872 951 2022 994 Iacobi
2087 959 2248 992 Strabrok

361 1065 619 1110 Willelmus
651 1064 759 1107 leith
797 1064 1108 1119 augmentauit
1142 1072 1184 1107 et
1217 1065 1452 1120 ampliauit
1491 1066 1677 1108 chorum
1711 1066 1839 1108 beate
1870 1067 2055 1122 virginis
2085 1072 2170 1104 leith

247 1135 386 1178 marie
415 1135 459 1176 in
489 1134 765 1189 longitudine
793 1148 948 1175 versus
981 1140 1183 1176 austrum
1213 1149 1291 1189 per
1319 1134 1520 1189 spacium
1555 1135 1789 1178 Sexdecim
1819 1138 1982 1190 pedum
2012 1143 2055 1179 et

249 1205 315 1247 Ibi
352 1204 556 1246 fundauit
593 1204 734 1246 altare
768 1204 1000 1246 beatorum
1035 1204 1248 1258 laurencij
1286 1211 1328 1248 et
1365 1204 1547 1259 Ninianj
1588 1206 1703 1258 quod
1741 1206 1917 1247 ornauit
1955 1221 2056 1248 cum

246 1274 358 1316 libro
384 1272 554 1315 missali
580 1272 800 1315 breuiario
824 1279 866 1314 et
888 1272 1169 1314 vestimentis
1197 1274 1548 1316 sacerdotalibus
1574 1280 1616 1316 et
1646 1274 1817 1316 Ibidem
1846 1276 2058 1329 Sepultus

247 1349 313 1385 est
337 1342 463 1384 cuius
486 1341 635 1384 anime
657 1341 929 1397 propicietur
950 1341 1145 1384 christus
1167 1343 1311 1384 Amen

363 1459 487 1500 Idem
510 1457 782 1501 Wallelmus
810 1457 976 1512 legauit
1005 1457 1186 1500 fabricie
1216 1458 1403 1501 ecclesie
1434 1459 1588 1501 Sancti
1618 1459 1827 1515 nicholaij
1857 1460 1899 1501 xl
1926 1460 1986 1503 lib
2012 1461 2056 1502 in

247 1533 522 1570 testamento
546 1542 626 1569 suo

361 1644 598 1699 Quondam
622 1643 736 1685 bone
758 1642 971 1684 memorie
993 1642 1252 1686 VVillelmus
1279 1644 1484 1686 strabrok
1509 1644 1714 1686 fundauit
1738 1644 1879 1687 altare
1904 1646 2058 1687 Sancti
2093 1651 2228 1685 f01.81‘-'

251 1712 402 1755 Iacobi
421 1712 611 1767 apostoli
629 1712 742 1754 infra
760 1712 995 1754 ecclesiam
1014 1712 1316 1766 parochialem
1335 1713 1452 1755 beati
1472 1713 1694 1769 Nicholaij
1713 1715 1766 1756 de
1780 1715 2001 1756 Abirdene
2017 1722 2059 1757 et

249 1783 373 1824 Idem
399 1781 650 1823 Infeodauit
675 1782 727 1823 In
751 1781 913 1823 annuis
935 1781 1180 1824 redditibus
1203 1783 1466 1837 subscriptis
1487 1783 1692 1825 videlicet
1716 1783 1760 1825 in
1783 1783 1940 1838 viginti
1963 1800 1983 1826 s
2006 1786 2058 1826 de

247 1858 364 1893 terra
385 1851 599 1893 Iohannis
617 1850 833 1892 malisone
850 1850 894 1892 in
909 1850 1007 1893 vico
1023 1851 1156 1906 castrj
1178 1866 1231 1894 ex
1247 1852 1414 1894 boreali
1432 1860 1556 1907 parte
1575 1853 1773 1895 eiusdem
1791 1853 1876 1896 vici
1892 1854 1936 1895 in
1954 1855 2059 1897 dua-

249 1922 330 1963 bus
353 1920 516 1962 marcis
533 1921 586 1962 de
603 1926 719 1962 terra
738 1920 957 1963 Willelmi
980 1921 1245 1975 goldsmitht
1263 1937 1315 1964 ex
1333 1922 1519 1965 australi
1542 1930 1667 1977 parte
1690 1923 1888 1965 eiusdem
1906 1923 1991 1966 vici
2014 1924 2059 1965 in

248 1989 317 2044 xvj
344 2004 364 2031 s
386 1996 429 2032 et
452 1995 552 2031 octo
575 1990 602 2031 d
625 1990 677 2031 de
699 1996 817 2031 terra
839 1989 1015 2044 gilberti
1037 1992 1185 2033 Waus
1207 1992 1260 2033 de
1283 2006 1419 2047 many
1441 2006 1493 2033 ex
1516 1992 1782 2034 occidentali
1805 1999 1929 2047 parte
1953 1993 2058 2035 dicti

245 2059 330 2101 vici
349 2058 393 2100 in
412 2058 451 2100 le
475 2058 735 2100 chakarraw
752 2065 794 2100 et
817 2059 862 2100 in
886 2060 1181 2114 quadraginta
1205 2061 1399 2103 denariis
1421 2062 1474 2103 de
1496 2068 1614 2104 terra
1637 2062 1804 2103 domini
1833 2063 2055 2118 Ingeramj

246 2130 549 2171 bannermane
571 2128 615 2170 in
637 2128 718 2182 futj
745 2128 870 2170 cuius
893 2129 1068 2171 animas
1090 2130 1285 2172 christus
1308 2131 1508 2173 Collocet
1531 2131 1576 2172 in
1600 2131 1719 2174 Celis
1741 2133 1885 2174 Amen

363 2243 524 2286 Obitus
547 2245 771 2298 quondam
804 2245 917 2287 bone
944 2245 1156 2288 memorie
1191 2246 1402 2302 Richardj
1438 2247 1699 2302 cementurij
1735 2254 1778 2289 et
1809 2248 2058 2290 fundatoris

248 2313 495 2368 capellanie
530 2313 684 2368 Sanctj
724 2314 941 2356 Iohannis
975 2315 1167 2369 apostoli
1201 2322 1244 2357 et
1279 2316 1565 2371 ewangeliste

365 2382 484 2424 Olim
525 2383 639 2424 bone
676 2383 888 2425 memorie
929 2384 1182 2426 Richardus
1225 2385 1540 2427 Cementurius
1574 2386 1806 2441 burgensis
1841 2387 1967 2441 burgi
2003 2389 2056 2429 de

249 2450 469 2493 Abirdene
504 2451 709 2494 fundauit
752 2452 892 2495 altare
931 2454 1086 2496 Sancti
1130 2454 1346 2497 Iohannis
1387 2455 1673 2510 ewangeliste
1710 2456 1901 2511 apostoli
1943 2456 2056 2499 infra

250 2519 416 2562 dictam
449 2520 685 2563 ecclesiam

1103 2650 1198 2693 CV.

373 2740 620 2782 MNIBUS
662 2740 778 2783 hanc
820 2748 990 2784 cartam
1027 2742 1189 2785 visuris
1225 2743 1293 2785 vel
1330 2742 1561 2786 Audituris
1598 2743 1812 2799 magister
1851 2745 2054 2786 robertus
2087 2748 2228 2782 1”οὶ.821

428 2809 598 2850 schand
623 2810 788 2852 Rector
814 2812 867 2853 de
890 2811 1033 2854 aluais
1059 2827 1110 2855 ac
1133 2813 1394 2867 capellanus
1419 2813 1574 2855 altaris
1603 2815 1731 2856 beate
1754 2828 1870 2856 anne
1899 2813 2055 2856 matris
2089 2836 2212 2868 Obitus

249 2877 386 2919 marie
421 2877 604 2932 virginis
641 2878 753 2921 infra
794 2881 1030 2923 ecclesiam
1072 2882 1373 2942 parochialem
1416 2882 1505 2938 diuj
1546 2882 1707 2938 nicolaj
1752 2884 1804 2925 de
1846 2883 2055 2926 abirdene
2088 2880 2355 2955 inigiiirsichand

248 2946 401 2989 situati
424 2953 624 2989 eternam
647 2947 692 2989 in
715 2949 894 2991 domino
921 2950 1112 2993 salutern
1137 2951 1480 2994 Premeditando
1511 2958 1553 2994 et
1583 2966 1876 3007 sepenumero
1907 2959 2055 2995 mente
2104 2934 2124 2956 ο
2198 2935 2210 2965 J
