2524 3418
144 562 200 593 sol.
218 562 279 595 68ยน

442 346 520 388 172
982 339 1022 379 F
1025 339 1193 380 nudatio
1224 341 1407 382 Dauidis
1438 342 1684 383 Andersoun

1264 478 1410 519 XCII.

436 565 648 607 Fundatio
670 568 841 622 promidi
877 568 958 608 viri
998 569 1162 610 clamidis
1198 570 1425 611 andcrsoun
1463 571 1670 626 burgensis
1709 573 1829 628 burgi
1863 573 1909 614 de
1941 574 2150 616 Abirdene
2187 576 2231 617 in

608 637 694 678 vico
727 638 946 692 furcarum
990 639 1087 679 olim
1133 640 1436 681 Commoranlis
1479 642 1550 696 qui
1592 642 1691 683 obiit
1735 643 1928 698 vigesimo
1974 644 2038 685 die
2082 645 2229 687 mensis

605 707 788 762 Augustj
818 722 926 749 anno
958 708 1116 750 domini
1148 709 1363 751 millesimo
1394 711 1712 765 quingentesimo
1745 713 1951 768 trigesimo
1983 714 2103 755 Sexto

565 801 810 843 MNIBUS
842 802 957 843 hanc
1002 803 1183 844 Cartam
1225 803 1385 845 visuris
1421 805 1488 845 vel
1526 805 1757 846 Audituris
1802 805 1950 847 Dauid
1983 807 2231 850 andersone

617 870 849 923 burgensis
882 871 1008 925 burgi
1037 873 1090 913 de
1113 872 1334 914 Abirdene
1367 874 1410 914 in
1442 874 1539 916 vico
1567 875 1790 916 furcarum
1821 875 1927 917 dicti
1957 877 2083 931 burgi
2113 891 2231 919 com-

434 952 612 980 morans
636 939 850 981 Eternam
874 941 917 981 in
944 942 1123 983 domino
1148 943 1348 984 Salutem
1378 944 1672 997 premeditato
1696 947 1811 999 quod
1834 960 1990 987 omnes
2012 947 2231 989 stabimus

431 1015 534 1049 ante
556 1008 749 1050 tribunal
773 1010 938 1064 dominj
964 1011 1103 1053 nostri
1130 1012 1262 1054 Ihesu
1287 1013 1440 1055 christi
1464 1021 1592 1067 prout
1622 1014 1666 1056 in
1690 1029 1870 1069 corpore
1892 1015 2114 1070 gessimus
2135 1016 2230 1058 siue

431 1078 594 1119 bonum
625 1079 719 1120 siue
754 1081 920 1122 malum
954 1082 1173 1135 recepturi
1207 1084 1384 1124 Bonum
1417 1090 1483 1125 est
1516 1084 1650 1138 igitur
1684 1085 1814 1126 Diem
1849 1085 2032 1139 extremj
2069 1086 2226 1140 Iudicij

429 1147 635 1200 operibus
658 1148 956 1191 misericordie
979 1151 1209 1204 preuenire
1232 1151 1346 1193 sicut
1369 1152 1590 1194 seminata
1608 1153 1652 1193 in
1670 1153 1800 1194 terris
1824 1153 2058 1207 multiplicj
2082 1153 2229 1195 fructu

428 1217 644 1271 collegere
665 1218 895 1260 valeamus
923 1219 967 1260 in
1000 1220 1120 1262 Celis
1154 1221 1380 1263 Noueritis
1412 1236 1482 1263 me
1514 1222 1649 1276 igitur
1680 1222 1724 1263 in
1756 1223 1968 1264 honorem
1998 1222 2067 1264 dei
2089 1222 2229 1264 omni-

426 1287 622 1340 potentis
656 1288 920 1331 intemerate
957 1289 1154 1332 eiusdem
1191 1291 1428 1345 genetricis
1471 1292 1610 1333 marie
1646 1292 1934 1346 omniumque
1970 1298 2228 1333 sanctorum

427 1357 604 1398 celestis
636 1358 768 1400 Curie
801 1374 879 1413 pro
912 1360 1055 1401 salute
1087 1361 1234 1403 anime
1267 1376 1363 1403 mee
1395 1361 1543 1403 anime
1578 1362 1820 1404 Katherine
1847 1362 1935 1416 hay
1955 1361 2103 1404 vxoris
2130 1375 2228 1403 mee

425 1427 614 1480 prolium
638 1435 891 1471 nostrarum
915 1437 1238 1484 parentumque
1261 1446 1312 1473 ae
1335 1432 1667 1473 benefactorum
1690 1438 1943 1473 nostrorum
1965 1446 2017 1473 ae
2041 1431 2224 1473 Illorum

426 1496 624 1538 omnium
667 1511 692 1539 a
734 1498 893 1551 quibus
934 1499 1082 1552 aliqua
1124 1501 1239 1542 bona
1280 1500 1428 1542 minus
1469 1501 1584 1542 iuste
1626 1501 1864 1543 habuimus
1905 1507 1948 1542 et
1989 1500 2226 1542 animabus

425 1565 624 1606 omnium
648 1566 844 1608 fidelium
869 1567 1176 1609 defunctorum
1200 1569 1373 1610 dedisse
1407 1569 1681 1610 concessisse
1705 1576 1747 1611 et
1777 1570 1860 1611 hac
1883 1569 2078 1623 presenti
2101 1575 2225 1611 carta

425 1648 524 1675 mea
565 1635 852 1677 confirmasse
896 1636 1082 1678 Necnon
1122 1643 1276 1678 tenore
1312 1637 1586 1691 presentium
1628 1638 1731 1679 dare
1773 1639 2014 1679 concedere
2055 1643 2099 1679 et
2140 1637 2224 1679 hac

423 1703 618 1756 presenti
661 1710 782 1745 carta
824 1718 923 1746 mea
965 1705 1227 1746 confirmare
1271 1705 1490 1747 Discretis
1530 1705 1636 1747 viris
1677 1707 1844 1748 Curato
1893 1712 1936 1747 et
1979 1705 2224 1760 capellanis

424 1771 559 1813 Chori
590 1778 633 1813 et
667 1772 868 1814 Ecclesie
901 1773 1169 1827 parochialis
1201 1774 1289 1828 diuj
1334 1774 1542 1829 nicholaij
1578 1776 1632 1816 de
1662 1775 1884 1817 Abirdene
1916 1781 1959 1816 et
1992 1775 2084 1817 suis
2117 1776 2224 1817 Sue-

423 1841 671 1883 cessoribus
712 1842 955 1897 capellanis
991 1843 1096 1897 dictj
1135 1844 1258 1886 chori
1299 1843 1465 1886 Totum
1508 1851 1550 1886 et
1587 1844 1807 1899 integrum
1845 1858 1980 1886 vnum
2023 1858 2222 1886 annuum

421 1911 642 1953 redditum
675 1927 823 1954 meum
859 1913 1017 1968 viginti
1059 1920 1159 1955 octo
1201 1914 1442 1974 solidorum
1484 1915 1652 1956 vsualis
1694 1921 1870 1956 monete
1911 1914 2036 1969 regni
2073 1913 2222 1956 Scotie

421 1981 653 2023 annuatim
676 1990 910 2024 exeuntem
933 1990 977 2024 et
999 1983 1240 2025 leuandum
1263 1984 1318 2025 ad
1341 1985 1451 2025 duos
1473 1983 1576 2038 annj
1602 1984 1817 2026 terminos
1837 1984 2015 2026 vsuales
2037 1984 2221 2038 penthe-

421 2058 567 2093 costes
602 2052 806 2095 videlicet
843 2060 886 2095 et
919 2053 1074 2095 Sancti
1107 2054 1284 2108 martinj
1319 2054 1364 2095 in
1397 2055 1555 2109 hyeme
1588 2069 1666 2109 per
1697 2055 1877 2108 equales
1908 2055 2020 2096 duas
2051 2054 2221 2096 medias

421 2121 645 2174 portiones
667 2123 720 2164 de
742 2129 836 2164 toto
859 2130 901 2164 et
934 2123 1106 2178 integro
1132 2123 1207 2165 illo
1229 2131 1486 2166 tenemento
1520 2124 1735 2165 Iohannis
1757 2138 1864 2178 crag
1885 2138 1986 2165 cum
2009 2123 2102 2165 suis
2124 2137 2219 2177 per-

419 2189 627 2232 tinenciis
665 2193 844 2233 Iacente
880 2192 994 2234 infra
1030 2192 1198 2234 dictum
1236 2194 1425 2247 burgum
1462 2193 1506 2234 in
1542 2193 1640 2235 vico
1681 2193 1895 2247 superiori
1939 2191 2125 2234 ecclesie
2165 2207 2219 2234 ex

419 2266 544 2313 parte
567 2261 730 2302 boreali
753 2261 950 2303 eiusdem
971 2262 1057 2303 vici
1079 2261 1195 2303 inter
1216 2269 1381 2304 terram
1416 2262 1630 2304 Iohannis
1658 2262 1843 2304 arthour
1864 2276 1917 2303 ex
1939 2261 2142 2303 orientali
2164 2275 2217 2302 ex

417 2343 505 2370 vna
526 2337 569 2371 et
592 2337 755 2372 terram
778 2331 930 2373 thome
963 2332 1137 2373 crafurd
1170 2346 1222 2373 ex
1253 2332 1519 2374 occidentali
1551 2331 1752 2386 partibus
1780 2332 1834 2373 ab
1865 2331 2004 2373 altera
2029 2337 2072 2372 et
2099 2345 2217 2372 com-

419 2413 598 2441 munem
616 2400 734 2442 viam
757 2401 924 2456 regiam
942 2416 1096 2443 versus
1113 2409 1314 2444 austrum
1338 2409 1380 2444 et
1404 2403 1700 2445 Communem
1718 2401 1938 2442 venellam
1961 2400 2067 2442 dicti
2090 2400 2217 2455 burgi

417 2483 571 2510 versus
612 2470 791 2511 boream
832 2471 1096 2512 Tenendum
1138 2478 1181 2512 et
1223 2472 1477 2514 habendum
1518 2477 1662 2513 totum
1701 2477 1744 2512 et
1781 2470 2004 2524 integrum
2047 2469 2216 2511 dictum

417 2551 615 2580 annuum
670 2540 892 2582 redditum
942 2541 1098 2595 viginti
1149 2548 1250 2583 octo
1301 2542 1542 2584 solidorum
1594 2555 1695 2583 cum
1745 2540 2031 2594 pertinenciis
2083 2539 2215 2582 dictis

418 2608 585 2650 Curato
626 2615 669 2650 et
711 2610 967 2664 Capellanis
1008 2625 1059 2652 ac
1102 2611 1194 2653 suis
1245 2611 1575 2654 successoribus
1626 2611 1883 2665 Capellanis
1933 2610 2040 2652 dicti
2092 2609 2215 2652 chori

417 2691 442 2718 a
493 2691 563 2718 me
619 2678 854 2720 heredibus
904 2686 946 2721 et
998 2680 1239 2734 assignatis
1297 2681 1408 2723 meis
1459 2682 1512 2723 de
1564 2695 1771 2735 supremo
1827 2679 2006 2722 domino
2062 2686 2214 2722 nostro

416 2759 518 2799 rege
550 2752 592 2787 et
625 2747 717 2788 suis
750 2748 1091 2790 Successoribus
1113 2750 1290 2804 regibus
1323 2750 1461 2792 scotie
1494 2750 1538 2791 in
1570 2764 1727 2804 puram
1761 2756 1804 2791 et
1837 2756 2097 2804 perpetuam
2129 2749 2215 2791 ele-

416 2815 635 2857 mosinam
659 2816 985 2871 imperpetuum
1004 2819 1117 2860 Cum
1137 2819 1257 2860 omni
1277 2821 1377 2861 Iure
1399 2827 1442 2861 et
1462 2819 1578 2861 Iuris
1600 2819 1772 2861 clameo
1793 2819 1924 2861 titulo
1947 2818 2214 2873 proprietate

414 2890 456 2924 et
479 2885 760 2937 possessione
783 2901 834 2927 ac
856 2901 957 2928 curn
981 2888 1188 2929 omnibus
1216 2889 1315 2930 aliis
1338 2895 1380 2929 et
1404 2888 1591 2942 singulis
1623 2888 1902 2930 libertatibus
1924 2887 2213 2929 commodita-

413 2952 532 2994 tibus
554 2960 596 2995 et
619 2954 880 2996 asiamentis
913 2970 963 2997 ac
996 2956 1088 2998 suis
1119 2957 1249 2998 iustis
1280 2957 1566 3011 pertinenciis
1598 2957 1933 3011 quibuscunque
1963 2958 2018 2998 ad
2044 2956 2212 2998 dictum
