2524 3418
489 289 653 332 Littera
673 289 932 345 possessionis
963 289 1218 332 Reddituum
1249 289 1396 331 altaris
1428 290 1573 332 Sancti
1608 288 1823 344 Cristofori
2013 303 2066 345 49

258 403 491 447 annuatim
524 405 578 447 de
610 405 802 459 quadam
839 410 957 448 terra
995 406 1176 447 Iacente
1213 403 1257 446 in
1295 405 1450 447 eodem
1482 403 1581 447 vico
1613 419 1666 447 ex
1697 404 1901 460 orientalj
1940 411 2067 460 parte

258 473 457 517 eiusdem
493 474 578 529 vicj
616 474 732 517 inter
765 480 931 517 terram
968 474 1207 529 Alexandrj
1251 474 1515 529 goldsmitht
1557 487 1610 516 ex
1650 474 1816 517 boreali
1856 482 1982 529 parte
2023 481 2067 517 et

256 550 420 587 terram
444 551 677 600 paternam
701 544 917 587 Iohannis
933 545 1119 587 Walcar
1140 559 1193 586 ex
1214 543 1400 587 australi
1423 549 1549 598 parte
1571 549 1614 586 et
1638 557 1924 586 communem
1946 543 2065 586 viam

257 615 426 669 regiam
461 630 616 657 versus
652 615 799 657 oriens
836 621 879 657 et
916 614 1124 657 occidens
1162 616 1276 656 Item
1314 615 1368 656 de
1404 628 1491 656 vno
1532 627 1681 656 annuo
1725 613 1921 656 Redditu
1965 620 2066 656 octo

259 685 500 727 solidorum
538 690 727 726 exeunte
764 683 997 726 annuatim
1035 690 1078 726 et
1116 684 1306 726 leuando
1339 684 1392 726 de
1425 683 1618 738 quadam
1650 688 1768 725 terra
1806 683 1988 725 Iacente
2020 681 2064 723 in

258 755 377 797 dicto
398 755 496 797 vico
517 754 741 796 furcarum
765 753 881 796 inter
902 760 1066 796 terram
1092 753 1242 796 Iacobi
1266 754 1319 795 de
1344 752 1504 795 Kintor
1527 759 1569 795 et
1592 752 1741 795 onris
1763 766 1841 795 sue
1863 766 1916 794 ex
1938 758 2065 807 parte

256 823 442 866 australi
464 830 507 866 et
529 830 693 866 terram
726 822 960 865 michaelis
991 822 1243 876 blakluggis
1274 836 1327 864 ex
1358 828 1485 876 parte
1506 822 1671 865 boreali
1704 828 1747 865 et
1780 835 2064 864 communem

255 893 373 936 viam
402 892 591 947 Regiam
612 907 768 935 versus
799 892 946 934 oriens
978 898 1021 934 et
1053 892 1094 934 le
1125 899 1320 947 gastraw
1339 906 1495 934 versus
1523 892 1731 935 occidens
1765 894 1880 935 Item
1903 893 1957 935 de
1977 906 2065 934 vno

255 977 404 1006 annuo
438 962 634 1005 Redditu
665 962 823 1017 vigintj
863 962 1104 1004 solidorum
1138 963 1191 1004 de
1222 968 1340 1004 terra
1374 962 1480 1016 dictj
1517 963 1732 1005 Iohannis
1770 962 1941 1017 Mathej
1980 977 2064 1017 que

253 1031 335 1074 fuit
372 1033 596 1086 quondam
633 1033 728 1074 Ade
764 1031 945 1073 Athesis
983 1033 1164 1074 Iacente
1200 1031 1245 1073 in
1283 1032 1323 1073 16
1361 1032 1716 1087 Castailgaithed
1752 1033 1868 1075 inter
1899 1039 2064 1076 terram

255 1103 480 1157 quondam
503 1102 722 1145 Willelmi
745 1101 938 1156 powtine
961 1116 1013 1144 ex
1035 1102 1220 1144 australi
1243 1108 1368 1156 parte
1387 1108 1429 1143 et
1453 1116 1737 1144 communem
1755 1103 1874 1145 viam
1896 1103 2064 1158 regiam

253 1187 408 1215 versus
434 1173 613 1215 boream
637 1187 688 1215 ac
706 1178 870 1214 terram
889 1172 994 1226 dictj
1017 1171 1233 1214 Iohannis
1251 1171 1419 1226 mathej
1440 1186 1492 1213 ex
1509 1173 1665 1214 eadem
1689 1179 1814 1227 parte
1837 1180 1879 1215 et
1901 1179 2065 1215 terram

254 1243 474 1286 Willelmi
509 1244 766 1285 Adamsone
797 1257 952 1285 versus
983 1242 1130 1285 oriens
1165 1248 1208 1284 et
1243 1256 1528 1284 communem
1559 1242 1678 1285 viam
1715 1243 1881 1298 regiam
1913 1257 2069 1286 versus

254 1312 462 1355 occidens
485 1313 584 1367 Ego
605 1327 708 1355 vero
730 1311 923 1355 balliuus
955 1312 1209 1354 antedictus
1236 1311 1382 1354 sciens
1415 1326 1543 1354 suam
1577 1312 1956 1367 supplicacionem
1977 1313 2069 1355 sore

255 1384 429 1426 Iustam
459 1389 502 1425 et
533 1382 722 1426 Racioni
758 1384 1016 1426 Consonam
1049 1396 1151 1424 cum
1184 1381 1304 1424 dicto
1338 1381 1540 1423 Iohanne
1568 1382 1736 1436 mathej
1763 1383 1819 1424 ad
1842 1381 2070 1436 predictas

252 1460 395 1496 terras
431 1468 533 1496 cum
569 1453 760 1496 testibus
797 1452 1033 1508 fidedignis
1064 1452 1254 1495 libenter
1285 1451 1475 1506 transiuj
1513 1453 1573 1493 Et
1603 1451 1987 1506 resignacionibus
2023 1451 2068 1493 in

253 1524 461 1567 manibus
498 1524 610 1566 meis
646 1529 805 1579 sponte
835 1523 967 1566 factis
1003 1538 1081 1578 per
1116 1523 1307 1565 eundem
1348 1522 1597 1565 Iohannem
1637 1521 1809 1576 Mathej
1849 1522 1902 1564 de
1938 1521 2070 1563 dictis

252 1594 414 1638 annuis
445 1594 691 1638 redditibus
714 1609 816 1637 cum
841 1593 933 1636 suis
960 1593 1249 1649 pertinenciis
1271 1607 1348 1648 per
1370 1592 1571 1647 singulos
1603 1591 1810 1634 denarios
1833 1592 1886 1634 de
1908 1591 2068 1633 outtoll

251 1664 506 1720 impensum
538 1665 592 1707 de
625 1664 894 1720 supradictis
926 1663 1089 1708 annuis
1122 1663 1368 1707 redditibus
1397 1663 1517 1706 foras
1553 1662 1698 1718 recepi
1731 1668 1774 1705 et
1807 1661 1991 1718 deposui
2024 1668 2067 1704 et

254 1734 467 1790 Receptis
499 1734 687 1790 singulis
723 1735 919 1791 denarijs
951 1736 1004 1778 de
1037 1734 1175 1777 Intoll
1207 1749 1233 1777 a
1265 1734 1384 1777 dicto
1417 1732 1598 1776 domino
1637 1733 1840 1776 Iohanne
1876 1733 2068 1775 modane

251 1804 432 1848 nomine
461 1811 504 1848 et
534 1820 587 1848 ex
614 1811 739 1861 parte
771 1805 877 1861 dictj
912 1805 1068 1848 altaris
1096 1812 1139 1848 et
1169 1805 1237 1848 sui
1266 1804 1407 1860 ipsius
1439 1803 1630 1859 impensi
1659 1803 1704 1845 in
1734 1802 1866 1846 dictis
1902 1802 2065 1845 annuis

248 1874 494 1918 redditibus
525 1890 628 1918 cum
665 1876 953 1931 pertinenciis
984 1875 1176 1932 imposuj
1211 1881 1253 1918 et
1289 1874 1449 1918 Induxi
1483 1874 1653 1929 sibique
1687 1879 1857 1916 statum
1891 1887 2066 1928 posses-

249 1945 420 1988 sionem
463 1951 506 1988 et
548 1945 745 1989 sasinam
788 1947 1028 1989 eorundem
1071 1945 1231 2000 tradidj
1276 1951 1319 1987 et
1362 1959 1464 1987 cum
1511 1945 1672 1986 effectu
1718 1942 1960 1986 deliberaui
2001 1944 2065 1985 Ac

249 2016 438 2058 eundern
479 2015 726 2058 Dominum
765 2016 1014 2059 Iohannem
1052 2015 1096 2057 in
1134 2015 1266 2058 dictis
1307 2014 1470 2057 annuis
1511 2014 1757 2056 redditibus
1793 2027 1895 2056 cum
1933 2012 2064 2068 perti-

249 2083 420 2126 nenciis
461 2083 747 2139 singulariter
787 2091 830 2127 et
871 2084 915 2126 in
958 2084 1146 2140 singulis
1188 2084 1476 2140 corporaliter
1523 2082 1742 2138 Inuestiuj
1792 2082 1918 2125 saluo
1962 2083 2063 2124 Iure

248 2154 485 2197 cuiuslibet
518 2156 662 2210 Super
692 2155 852 2210 quibus
884 2156 1092 2198 omnibus
1123 2162 1166 2198 et
1199 2155 1387 2210 singulis
1423 2154 1622 2210 prefatus
1654 2153 1862 2196 dominus
1899 2152 2060 2195 Iohan-

247 2238 327 2267 nes
365 2225 558 2267 Modane
594 2225 677 2268 has
712 2240 836 2269 meas
872 2226 1045 2269 litteras
1080 2225 1407 2269 testimoniales
1443 2225 1527 2268 sibi
1558 2224 1651 2280 fierj
1690 2224 1818 2279 petijt
1856 2228 2062 2278 patentes

247 2309 359 2349 quas
395 2295 539 2338 eidem
577 2296 825 2339 Caritatiue
861 2297 1062 2340 concessi
1099 2296 1245 2351 sigillo
1286 2310 1386 2338 meo
1428 2295 1648 2351 sigillatas
1685 2295 1803 2349 apud
1839 2293 2060 2336 Abirdene

247 2365 420 2408 decimo
460 2372 622 2408 octauo
658 2366 728 2408 die
765 2367 933 2409 mensis
973 2366 1239 2422 septembris
1275 2381 1393 2410 anno
1434 2365 1602 2409 domini
1646 2364 1888 2408 Millesimo
1924 2364 2059 2418 quad-

245 2435 566 2491 ringentesimo
598 2438 930 2493 septuagesimo
958 2438 1046 2480 hiis
1073 2437 1265 2481 testibus
1293 2437 1475 2480 matheo
1500 2437 1648 2480 fechat
1675 2435 1906 2480 Willelmo
1941 2435 2058 2477 Rab-

247 2520 354 2548 sone
376 2506 510 2549 dauid
530 2506 707 2550 farchar
736 2509 899 2551 Iacobo
929 2507 1064 2551 Craik
1090 2508 1268 2551 Andrea
1297 2522 1394 2550 mar
1421 2506 1647 2549 Richardo
1679 2506 1870 2548 modane
1900 2503 2057 2547 thoma

244 2574 462 2618 tailzeour
493 2576 693 2619 Iohanne
729 2583 820 2620 stot
856 2577 1151 2633 burgensibus
1183 2576 1364 2620 domino
1397 2577 1609 2619 Eduardo
1643 2574 1825 2629 Robertj
1861 2574 2057 2617 Roberto

245 2645 435 2700 gillespy
470 2646 614 2689 scriba
655 2647 882 2691 communi
925 2647 1030 2703 dictj
1074 2647 1199 2702 burgj
1239 2654 1282 2690 et
1321 2648 1543 2690 Duncano
1582 2645 1810 2689 Stralocht
1846 2658 1933 2686 vno
1970 2657 2056 2685 ser-

245 2715 518 2769 geandorum
551 2715 657 2772 dictj
691 2718 817 2773 burgj
852 2732 954 2761 cum
987 2717 1142 2761 multis
1172 2717 1273 2773 alijs

363 2856 478 2897 Item
521 2856 743 2899 sexdecim
785 2857 951 2900 solidos
987 2864 1030 2900 et
1067 2863 1168 2900 octo
1211 2856 1416 2900 denarios
1457 2857 1511 2899 de
1551 2862 1668 2898 terra
1710 2853 1843 2897 dauid
1885 2851 2052 2907 mathej

249 2926 430 2968 Iacente
471 2925 516 2967 in
552 2925 651 2969 vico
692 2927 839 2983 Castrj
883 2942 936 2970 ex
976 2927 1162 2971 australi
1204 2934 1330 2982 parte
1371 2926 1570 2969 eiusdem
1607 2924 1691 2980 vicj
1735 2924 1850 2966 inter
1889 2929 2054 2965 terram

1134 2998 1165 3028 G

2095 900 2255 933 fundacio

2096 945 2206 976 saneti
2219 944 2360 977 christo-

2096 988 2156 1020 feri

2088 2752 2289 2794 productum
2313 2755 2354 2785 28

2087 2796 2203 2837 aprilis
2221 2798 2300 2828 1601

2087 2849 2145 2880 per
2162 2839 2322 2872 andream

2086 2883 2179 2924 kyng
2195 2883 2229 2914 in

2086 2927 2224 2960 modum
2233 2927 2351 2969 proba-
