2524 3418
581 314 815 356 Secundum
846 315 1019 356 Rentale
1051 315 1234 356 obituum
1265 320 1301 356 et
1330 316 1711 359 anniuersariormn
1963 332 2041 372 241

233 428 567 472 anniuersarius
599 428 882 471 infeodantur
913 430 957 471 in
980 444 1066 472 vno
1099 431 1237 472 crofto
1272 432 1453 473 Iacente
1481 431 1525 473 in
1552 432 1773 475 territorio
1802 433 2040 476 croftorum

231 499 284 540 de
305 498 402 553 futy
422 504 468 539 vt
492 497 681 540 habetur
702 498 747 539 in
770 505 893 541 carta
916 498 960 540 in
982 499 1086 541 folio
1110 500 1264 554 quinto
1287 500 1541 554 precedenti

346 641 507 684 Obitus
559 643 672 684 bone
726 649 768 684 et
815 643 975 685 famosi
1016 644 1096 685 viri
1138 644 1377 686 Alexandri
1428 660 1536 700 gray
1577 652 1620 688 et
1664 645 1908 689 Elizibetht
1950 647 2038 702 hay

229 725 390 766 sponse
423 726 500 753 sue
534 726 720 765 quorum
755 712 1087 755 anniuersarius
1125 714 1357 755 annuatim
1397 715 1691 757 celebrabitur
1721 730 1798 770 per
1830 722 2035 758 curatum

229 787 271 823 et
295 781 552 835 capellanos
584 782 756 836 collegij
791 784 845 824 ad
879 783 1019 824 altare
1052 784 1180 825 beate
1214 785 1410 825 Barbare
1432 784 1616 839 virginis
1638 799 1778 839 nuper
1798 786 2034 827 fundatum

227 865 304 905 per
326 851 495 893 dictum
519 852 809 893 alexandrum
833 852 877 893 in
901 853 1019 894 hunc
1043 854 1225 895 modum
1248 854 1453 895 videlicet
1484 855 1692 908 exequias
1725 855 2032 898 defunctorum

226 936 327 963 curn
361 921 545 976 placebo
578 928 620 963 et
653 922 791 976 dirige
824 922 868 964 in
901 929 1031 964 nocte
1055 924 1199 965 sancti
1234 923 1416 978 Ninianj
1453 931 1494 966 et
1528 925 1712 967 missam
1739 927 1806 967 De
1841 927 1961 968 Nota
1988 926 2032 967 in

225 990 294 1032 die
332 990 474 1044 sanctj
511 990 695 1033 Niniani
733 1005 834 1033 curn
873 991 1031 1033 ceteris
1069 992 1218 1033 missis
1254 992 1496 1047 trigintalis
1533 1009 1611 1048 per
1646 995 1929 1037 ebdomidam
1973 997 2031 1038 Et

224 1060 436 1102 collector
476 1060 696 1102 dictorum
749 1061 1082 1115 capellanorum
1125 1062 1198 1116 qui
1241 1077 1318 1117 pro
1360 1069 1560 1118 tempore
1611 1064 1742 1106 fuerit
1794 1080 2030 1119 preconem

224 1128 328 1182 dictj
365 1129 490 1183 burgi
524 1143 625 1171 cum
649 1143 871 1184 campana
903 1130 1101 1172 manuali
1131 1145 1209 1184 per
1239 1137 1384 1172 totum
1418 1132 1606 1187 burgum
1640 1133 1873 1175 circumire
1898 1134 2030 1176 faciet

223 1200 278 1240 ad
315 1199 642 1253 deprecandum
677 1213 755 1253 pro
792 1199 1029 1242 animabus
1063 1201 1331 1255 supradictis
1362 1201 1584 1244 Tabulam
1622 1218 1755 1257 super
1786 1204 2031 1247 monimen-

221 1276 317 1311 tum
369 1269 533 1312 locabit
585 1269 728 1311 eidem
783 1270 1059 1324 coopertorio
1112 1271 1288 1313 decenti
1341 1272 1563 1327 cooperiet
1615 1273 1853 1317 luminaria
1905 1290 2031 1318 cerea

221 1338 419 1380 inueniet
458 1340 518 1380 Et
554 1339 788 1382 sacristam
826 1340 995 1395 prefate
1028 1341 1215 1383 ecclesie
1248 1357 1493 1397 campanas
1526 1343 1681 1385 solitas
1714 1351 1756 1386 et
1791 1352 2030 1388 consuetas

219 1408 336 1451 trina
367 1408 462 1451 vice
495 1410 550 1451 ad
582 1409 838 1452 huiusmodi
871 1411 1080 1466 exequias
1113 1419 1155 1454 et
1187 1412 1304 1455 trina
1336 1413 1431 1455 vice
1465 1415 1519 1456 ad
1552 1414 1737 1457 missam
1772 1416 1825 1457 de
1860 1416 2030 1470 Requie

218 1478 272 1519 de
320 1479 440 1520 Nota
487 1479 665 1533 pulsare
707 1480 840 1522 faciet
882 1487 928 1523 vt
982 1481 1118 1523 moris
1158 1488 1205 1524 vt
1252 1482 1394 1524 lacius
1436 1483 1627 1526 habetur
1676 1483 1721 1525 in
1762 1484 2029 1528 fundacione

217 1545 358 1600 ipsius
394 1546 621 1589 alexandri
656 1547 700 1589 in
738 1547 824 1590 isto
864 1548 1072 1603 Registro
1109 1551 1366 1604 precedenti
1406 1551 1490 1593 Pro
1528 1551 1811 1595 infeodantur
1842 1553 1886 1594 in
1918 1568 1974 1596 xx
2009 1569 2028 1596 s

217 1615 270 1656 de
321 1614 450 1657 terris
502 1615 546 1657 in
598 1616 717 1659 dicta
769 1623 894 1659 carta
946 1618 1170 1660 contentis
1224 1620 1283 1660 Et
1327 1619 1538 1662 collector
1588 1621 1754 1663 dictam
1803 1637 2026 1666 summam

217 1684 462 1739 capellanis
516 1685 886 1729 interessentibus
937 1687 982 1729 in
1029 1687 1149 1730 dicto
1201 1688 1506 1732 anniuersario
1558 1692 1780 1745 persoluet
1822 1699 1865 1735 et
1916 1694 2025 1736 nulli

216 1754 345 1797 alteri
384 1755 558 1798 absenti

331 1894 493 1937 Obitus
531 1896 755 1949 quondam
793 1896 906 1939 bone
944 1896 1157 1939 memorie
1193 1898 1369 1940 Andree
1409 1899 1592 1954 Murray
1624 1899 1811 1942 senioris
1848 1908 1890 1943 et
1925 1934 1934 1944 .
1970 1935 1978 1944 .
2014 1935 2023 1945 .

215 1979 376 2019 sponse
409 1980 487 2007 sue
521 1967 721 2021 Quorum
755 1965 1089 2008 anniuersarius
1123 1967 1357 2009 annuatim
1396 1968 1692 2010 celebrabitur
1723 1969 1768 2011 in
1801 1970 2024 2014 dominica

213 2033 358 2088 prima
381 2041 481 2089 post
503 2035 667 2077 festum
701 2035 1008 2089 penthicostes
1040 2037 1095 2078 ad
1128 2036 1268 2079 altare
1301 2037 1444 2091 sanctj
1474 2037 1713 2080 saluatoris
1745 2053 1822 2093 per
1853 2040 2022 2082 dictum

212 2105 423 2146 andream
455 2104 691 2147 fundatum
724 2104 768 2146 in
801 2105 920 2147 hunc
953 2107 1135 2148 modum
1162 2106 1368 2149 videlicet
1400 2107 1609 2162 exequias
1641 2108 1951 2152 defunctorum
1978 2110 2022 2152 in

212 2176 369 2218 sabato
391 2175 646 2230 precedenti
669 2190 770 2217 cum
798 2176 983 2230 placebo
1006 2183 1048 2219 et
1072 2177 1210 2232 dirige
1244 2179 1303 2220 Et
1336 2177 1521 2220 missam
1546 2180 1598 2221 de
1621 2186 1728 2221 nota
1750 2179 1794 2221 in
1827 2181 2021 2223 crastino

211 2258 313 2286 cum
331 2244 549 2299 trigintali
568 2244 808 2287 missarum
826 2260 904 2299 per
922 2246 1206 2289 ebdomidam
1226 2254 1486 2301 sequentem
1510 2263 1588 2303 pro
1608 2249 1752 2291 salute
1770 2250 2020 2293 animarum

211 2315 512 2369 predictarum
546 2316 606 2357 Et
640 2315 866 2358 Collector
896 2317 1096 2359 tabulam
1131 2332 1263 2372 super
1295 2318 1622 2361 monimentum
1661 2319 1844 2362 situabit
1876 2327 1919 2363 et
1952 2336 2021 2363 co-

211 2385 378 2439 operiet
415 2385 550 2440 pallio
588 2385 762 2428 decenti
800 2386 1039 2430 luminaria
1081 2402 1207 2430 cerea
1248 2388 1446 2430 inueniet
1490 2389 1735 2432 Sacristam
1777 2405 2022 2446 campanas

211 2455 366 2498 solitas
388 2462 431 2498 et
454 2462 694 2499 consuetas
716 2457 894 2511 pulsare
915 2457 1050 2500 faciat
1084 2473 1322 2513 preconem
1355 2474 1457 2501 curn
1481 2474 1701 2514 campana
1724 2461 1921 2503 manuali
1945 2476 2022 2516 per

209 2531 355 2567 totum
378 2526 567 2580 burgum
591 2525 824 2568 circumire
845 2526 980 2569 faciat
998 2534 1044 2569 vt
1068 2527 1279 2570 incitetur
1300 2529 1491 2583 populus
1513 2530 1568 2571 ad
1591 2530 1919 2584 deprecandum
1942 2545 2020 2585 pro

209 2594 445 2636 animabus
478 2595 747 2649 supradictis
781 2596 865 2637 Pro
899 2610 985 2650 quo
1017 2596 1301 2639 infeodantur
1322 2597 1366 2639 in
1388 2612 1475 2639 vno
1498 2612 1647 2641 annuo
1665 2598 1840 2641 redditu
1862 2599 2020 2655 xxiiij0r

209 2661 451 2705 solidorum
484 2664 537 2705 de
569 2663 752 2706 dimidio
787 2664 947 2707 Rethis
979 2666 1032 2708 de
1064 2665 1204 2708 surdis
1225 2673 1271 2708 vt
1305 2666 1447 2712 lacius
1478 2667 1668 2710 habetur
1689 2667 1734 2709 in
1756 2668 2015 2712 fundatione

208 2746 288 2774 sua
310 2732 354 2773 in
378 2732 491 2775 cista
516 2732 561 2774 in
583 2733 803 2777 vestibulo

323 2870 486 2914 Obitus
501 2871 768 2915 venerabilis
789 2871 870 2914 viri
893 2873 1059 2928 dominj
1073 2873 1299 2939 'Iohannis
1316 2875 1462 2917 Waus
1484 2880 1527 2916 et
1550 2874 1683 2917 dauid
1701 2876 1846 2918 Waus
1867 2876 2015 2919 fratris

207 2940 272 2994 suj
311 2941 511 2996 germanj
549 2956 735 2996 quorum
771 2943 1103 2986 anniuersarius
1141 2944 1373 2986 annuatim
1417 2945 1665 2987 celebratur
1705 2944 1749 2987 in
1791 2946 2014 2989 dominica

1085 3014 1153 3043 HH

2070 656 2193 689 Obitus
2209 658 2298 691 alex-

2069 701 2163 751 andri
2180 712 2263 743 gray
2279 710 2311 735 et

2067 754 2177 776 vxoris
2195 755 2253 777 sue

2063 1003 2120 1036 fol.
2142 1003 2205 1036 962

2056 1912 2179 1945 Obitus
2200 1913 2323 1946 andree

2055 1967 2190 1998 murray
2203 1958 2311 1990 senfo-

2055 2001 2099 2031 ris
2113 2007 2145 2032 et
2159 2001 2270 2034 vxoris

2056 2055 2115 2076 sue
