2524 3418
445 307 522 349 152
1044 292 1254 334 Fundatio
1285 292 1421 333 Ionete
1452 291 1650 345 craufurd

445 410 566 453 chori
603 409 763 453 eclesie
792 407 1060 465 parochialis
1092 405 1182 449 diui
1215 404 1393 448 nicolaii
1425 406 1479 448 de
1510 404 1717 447 abirdene
1750 405 2015 448 conferendo
2042 413 2172 461 prout
2205 407 2250 450 in

446 486 570 523 carta
593 480 758 522 eisdem
783 476 1028 532 capellanis
1054 489 1131 530 per
1164 475 1371 516 Eundem
1403 473 1606 516 thomam
1639 474 1830 528 desuper
1851 474 2053 518 confecta
2076 475 2251 530 plenius

445 550 698 592 continetur
731 550 815 591 Pro
847 546 1115 602 quoquidem
1149 559 1298 588 annuo
1329 544 1503 587 redditu
1536 543 1641 586 dicti
1675 544 1894 599 capellani
1929 545 2183 601 obligarunt
2206 545 2252 590 s'e

447 621 506 662 Et
550 635 653 662 suos
696 631 976 660 successores
1018 617 1073 658 ad
1117 615 1430 657 celebrandurn
1467 629 1603 656 vnum
1647 614 2001 657 anniuersarium
2045 615 2252 659 videlicet

446 690 630 744 placebo
653 696 695 730 et
721 687 860 742 dirige
891 686 936 728 in
969 685 1112 741 primo
1146 686 1332 727 sabbato
1359 683 1528 726 mensis
1550 684 1744 727 octobris
1768 685 1881 728 Cum
1910 684 2050 728 missa
2071 686 2124 728 de
2146 692 2253 729 nota

446 759 489 800 in
513 757 735 800 dominica
765 755 966 811 sequenti
990 756 1050 797 Et
1072 754 1312 809 trigentale
1341 768 1419 809 per
1443 753 1716 796 ebdomitam
1745 753 1978 797 annuatim
2000 769 2080 810 pro
2104 754 2254 798 anima

446 827 551 870 dicti
575 827 799 881 quondam
831 824 980 880 gavini
1013 823 1164 879 sponsi
1197 823 1265 866 sui
1298 824 1486 866 Necnon
1518 837 1596 878 pro
1630 822 1866 867 animabus
1892 829 2129 879 parentum
2152 838 2254 868 con-

448 896 793 950 sanguineorum
842 895 902 937 Et
951 894 1284 937 benefactorum
1337 894 1596 935 Eorundem
1649 893 1836 936 Necnon
1887 908 1965 948 pro
2017 892 2254 937 animabus

447 966 647 1008 omnium
689 965 887 1008 fidelium
925 964 1235 1007 defunctorum
1274 964 1334 1006 Et
1372 963 1456 1006 hoc
1493 963 1757 1006 durantibus
1803 963 1958 1006 diebus
2005 962 2096 1005 vite
2137 962 2254 1006 dicte

451 1037 604 1078 Ionete
629 1036 735 1078 Post
759 1034 929 1078 obitum
951 1048 1055 1076 vero
1077 1033 1276 1076 eiusdem
1310 1032 1416 1076 dicti
1449 1033 1668 1088 capellani
1701 1033 1987 1076 celebrabunt
2021 1032 2254 1075 annuatim

447 1120 580 1148 vnarn
604 1105 788 1146 missam
822 1105 875 1146 de
907 1109 1014 1146 nota
1046 1103 1090 1145 in
1123 1103 1193 1146 die
1225 1102 1373 1146 obitus
1399 1117 1477 1145 sue
1507 1117 1608 1145 cum
1631 1102 1858 1157 trigentali
1880 1117 1959 1158 per
1980 1102 2253 1146 ebdomitam

451 1177 637 1219 Necnon
661 1174 895 1218 annuatim
928 1174 973 1216 in
1005 1174 1176 1229 prefata
1207 1173 1351 1229 prima
1382 1173 1606 1216 dominica
1638 1173 1833 1216 octobris
1858 1188 1936 1228 pro
1959 1173 2111 1216 anima
2132 1178 2254 1215 ante-

449 1246 555 1290 dicti
593 1246 818 1300 quondam
855 1242 1004 1299 gavini
1039 1257 1174 1286 vnam
1211 1243 1396 1286 missam
1434 1245 1488 1287 de
1524 1250 1630 1287 nota
1667 1258 1768 1286 cum
1805 1259 1885 1287 suo
1920 1243 2148 1299 trigentali
2180 1257 2258 1299 per

450 1315 723 1359 ebdomitam
758 1313 854 1356 sine
886 1313 1072 1368 placebo
1103 1320 1147 1356 et
1180 1312 1318 1368 dirige
1342 1315 1532 1369 Insuper
1556 1314 1768 1357 collector
1790 1314 2010 1357 dictorum
2033 1313 2255 1370 capellan-

450 1398 576 1428 orum
599 1383 645 1426 in
667 1382 800 1426 dictis
821 1381 1141 1425 anniuersariis
1164 1396 1296 1437 super
1312 1389 1605 1426 monumenta
1622 1383 1841 1426 dictorum
1864 1383 2013 1439 gavini
2035 1390 2079 1426 et
2102 1385 2257 1426 Ionete

449 1453 628 1497 tabulas
649 1453 863 1495 honestas
880 1451 1114 1494 annuatim
1132 1451 1367 1495 collocabit
1385 1453 1594 1495 decenter
1615 1459 1849 1508 coapertas
1870 1452 2108 1497 luminaria
2129 1467 2258 1497 cerea

451 1522 649 1566 inueniet
679 1536 923 1577 campanas
945 1521 1132 1564 ecclesie
1153 1521 1270 1565 trina
1291 1521 1388 1565 vice
1409 1522 1577 1577 pulsari
1608 1522 1772 1565 facient
1805 1524 1993 1566 Necnon
2029 1523 2074 1565 in
2105 1522 2257 1578 vigilia

452 1593 673 1636 dictorum
725 1590 1133 1636 anniuersariorum
1175 1604 1413 1646 preconem
1465 1606 1543 1647 per
1591 1593 1744 1635 vrbem
1797 1591 1987 1635 transire
2035 1591 2167 1635 faciet
2210 1596 2259 1634 ut

453 1667 664 1710 incitetur
685 1665 877 1721 populus
899 1664 1043 1708 fidelis
1066 1666 1121 1708 ad
1153 1666 1369 1708 orandum
1403 1679 1482 1720 pro
1515 1665 1750 1709 animabus
1782 1665 2001 1708 dictorum
2033 1666 2258 1721 quondam

453 1735 601 1791 gavini
624 1742 667 1778 et
691 1737 846 1778 Ionete
878 1735 1065 1778 Necnon
1098 1734 1248 1778 omnia
1274 1735 1362 1779 alia
1385 1737 1445 1778 Et
1469 1735 1645 1791 singula
1673 1735 1839 1779 facient
1862 1742 1905 1779 et
1927 1735 2257 1791 perimplebunt

454 1807 498 1849 in
521 1806 686 1849 talibus
707 1805 1028 1848 anniuersariis
1058 1805 1236 1848 vsitatis
1269 1812 1311 1848 et
1344 1805 1571 1849 consuetis
1601 1807 1670 1849 Ad
1701 1807 1818 1861 quod
1847 1805 2101 1849 faciendum
2123 1805 2259 1848 Ante-

455 1876 562 1919 dicti
584 1875 803 1930 capellani
826 1875 1079 1930 obligarunt
1103 1889 1149 1918 se
1173 1876 1233 1918 Et
1256 1890 1361 1918 suos
1383 1890 1664 1918 successores
1685 1875 1983 1931 imperpetum
2005 1874 2051 1917 in
2071 1873 2260 1918 vberiori

454 1948 596 1990 forma
633 1947 776 2001 Super
812 1945 973 2001 quibus
1008 1946 1216 1989 omnibus
1254 1947 1314 1989 Et
1351 1946 1539 2002 singulis
1570 1946 1690 1989 dicta
1723 1947 1881 1989 Ioneta
1912 1946 1951 1988 A
1983 1959 2054 1988 me
2086 1944 2260 1988 notario

455 2017 632 2073 publico
654 2016 737 2060 sibi
759 2016 852 2059 fieri
874 2016 1007 2072 peciit
1029 2031 1213 2072 presens
1244 2016 1472 2072 publicum
1504 2016 1853 2060 instrumentum
1875 2016 1990 2059 Acta
2012 2016 2156 2058 Erant
2177 2014 2261 2057 hec

455 2087 500 2129 in
534 2086 729 2142 capitulo
761 2086 878 2129 dicte
909 2085 1096 2129 ecclesie
1127 2086 1283 2129 horam
1316 2085 1493 2129 circiter
1523 2092 1732 2130 octauam
1759 2091 1864 2130 ante
1895 2084 2124 2128 meridiem
2167 2084 2261 2127 Sub

456 2158 587 2198 Anno
623 2155 692 2199 die
728 2169 882 2198 mense
918 2155 1160 2199 indictione
1198 2157 1258 2199 Et
1294 2156 1559 2212 pontificatu
1600 2156 1760 2212 quibus
1796 2170 1931 2211 supra
1973 2153 2261 2197 Presentibus

458 2226 621 2269 ibidem
643 2225 972 2269 venerabilibus
1004 2227 1064 2268 Et
1097 2225 1302 2268 discretis
1331 2225 1438 2268 viris
1469 2225 1697 2282 magistris
1728 2225 1861 2269 dauid
1893 2223 2089 2267 menzeis
2120 2222 2261 2266 sacris

456 2294 617 2338 litteris
637 2294 951 2338 bacchalaurio
972 2294 1204 2338 Willelmo
1229 2294 1465 2351 philpsone
1498 2296 1558 2338 Et
1591 2297 1760 2338 Ioanne
1788 2294 2053 2338 nicholsoun
2075 2291 2262 2337 notariis

459 2363 648 2420 publicis
670 2365 785 2408 Cum
809 2364 968 2407 ceteris
990 2364 1287 2408 confratribus
1308 2364 1415 2408 dicti
1437 2364 1622 2421 capituli
1644 2365 1708 2409 &c
1731 2365 1795 2408 &c

553 2538 585 2565 Ο
633 2503 694 2545 Et
717 2504 816 2558 Ego
847 2503 980 2547 dauid
1004 2504 1310 2547 Nicholsoune
1332 2504 1501 2548 arcium
1524 2505 1746 2560 professor
1807 2533 2259 2547 .......

501 2569 587 2642 g}-
632 2572 898 2616 balliuorum
954 2573 1326 2617 aberdonensium
1390 2606 1838 2617 .......
1901 2587 2074 2615 necnon
2135 2585 2262 2614 sacra

511 2630 577 2705 {⁰32⁶}
631 2642 879 2697 apostolica
939 2644 1206 2688 auctoritate
1278 2643 1479 2688 notarius
1538 2643 1743 2699 publicus
1804 2643 2011 2686 omnibus
2071 2648 2114 2685 et
2175 2640 2262 2683 sin-

561 2708 567 2718 '
631 2712 748 2766 gulis
811 2745 820 2755 .
885 2746 893 2756 .
958 2747 967 2756 .
1031 2747 1040 2756 .

823 2842 1001 2898 Reliqua
1015 2847 1114 2899 pars
1136 2843 1403 2886 attestationis
1424 2842 1591 2886 omnino
1611 2843 1826 2886 obliterata
1845 2846 1901 2885 est
