2524 3418
87 1461 144 1494 fol.
161 1460 220 1494 43¹

382 329 461 371 108
977 328 1021 368 F
1019 328 1191 369 undaeio
1221 328 1456 368 Alexandri
1483 341 1587 381 gray

378 443 577 497 partibus
617 445 672 486 ab
713 443 851 485 altera
893 443 1114 484 reddendo
1155 441 1255 483 inde
1297 441 1528 484 annuatim
1566 440 1708 483 eidem
1743 438 1872 482 altari
1910 453 1987 482 sex
2018 437 2183 482 solidos

378 519 420 553 et
444 521 544 554 octo
567 512 771 555 denarios

494 582 608 623 Item
655 583 707 623 de
753 588 869 622 terra
913 580 1136 634 quondam
1181 580 1274 622 Ade
1316 579 1460 622 litster
1508 580 1688 622 Iacente
1729 577 1773 620 in
1815 577 1913 621 vico
1958 576 2180 633 superiore

376 648 561 691 ecclesie
608 649 803 690 eiusdem
852 647 975 702 burgj
1025 662 1142 689 nunc
1188 647 1437 702 pertinente
1484 647 1697 702 magistro
1743 646 1981 689 alexandro
2032 646 2181 689 Bisset

377 718 607 772 capellano
653 726 695 760 et
742 718 980 759 alexandro
1030 717 1245 759 tailzeour
1295 717 1551 772 portionarij
1605 716 1802 759 eiusdem
1848 716 1963 758 inter
2017 722 2181 758 terram

375 786 561 839 Agnetis
613 785 856 839 Stirueling
895 800 948 827 ex
989 785 1193 827 orientali
1236 792 1278 828 et
1320 792 1483 828 terram
1525 785 1763 828 Alexandri
1796 785 2092 828 mathousone
2131 799 2184 828 ex

375 854 638 897 occidentali
674 856 916 896 Reddendo
949 854 1050 897 inde
1082 855 1314 898 annuatim
1347 855 1490 898 eidem
1523 855 1652 898 altari
1685 857 1837 898 decem
1871 855 2036 898 solidos

492 924 607 965 Item
649 924 703 965 de
733 930 850 965 terra
882 925 1105 978 quondam
1137 925 1311 966 Andree
1353 924 1523 979 smytht
1566 924 1609 965 in
1642 924 1736 979 futy
1772 938 1889 966 nunc
1935 922 2183 979 pertinente

377 993 436 1035 W
441 992 607 1034 illelmo
639 993 699 1035 W
703 999 748 1034 at
781 991 825 1033 in
858 991 1077 1034 stanehife
1109 991 1224 1034 inter
1254 998 1417 1034 terram
1549 991 1640 1046 [sic]
1663 1007 1716 1034 ex
1741 991 1926 1034 australi
1953 1006 2005 1034 ex
2031 1005 2119 1034 vna
2140 996 2184 1033 et

375 1068 538 1102 terram
658 1059 749 1114 [sic]
787 1074 840 1102 ex
881 1059 1046 1103 boreali
1087 1060 1288 1114 partibus
1328 1062 1383 1103 ab
1425 1060 1564 1103 altera
1604 1061 1826 1103 reddendo
1867 1060 2009 1103 eidem
2053 1059 2182 1103 altari

378 1127 610 1171 annuatim
634 1128 828 1183 quinque
851 1128 1016 1170 solidos

494 1199 682 1241 Summa
703 1198 836 1240 huius
858 1197 1103 1253 capellanie
1125 1197 1420 1253 quadraginta
1442 1198 1606 1241 solidos
1628 1204 1671 1241 et
1692 1197 1848 1254 vigintj
1873 1198 2078 1241 denarios

1220 1372 1345 1413 LXI.

973 1461 1190 1504 Fundacz‘o
1219 1462 1457 1503 Alexandri
1482 1476 1588 1517 gray

494 1553 741 1595 MNIBUS
774 1552 890 1594 hanc
920 1553 1104 1595 Cartam
1126 1551 1286 1593 visuris
1313 1552 1382 1594 vel
1415 1551 1633 1594 audituris
1663 1551 1914 1595 Alexander
1943 1568 2052 1609 gray
2083 1555 2181 1598 bur-

550 1621 701 1677 gensis
717 1621 843 1676 burgi
865 1622 918 1663 de
939 1621 1160 1664 Abirdene
1182 1623 1399 1664 Eternam
1417 1621 1462 1663 in
1479 1622 1658 1665 domino
1681 1623 1872 1665 salutem
1891 1625 2005 1667 Cum
2027 1639 2184 1668 omnes

380 1693 600 1735 stabimus
631 1699 736 1735 ante
771 1692 965 1734 tribunal
1003 1691 1170 1735 domini
1211 1691 1351 1734 nostri
1395 1692 1530 1735 Ihesu
1563 1692 1730 1736 Christi
1762 1692 1856 1736 siue
1892 1695 2057 1737 bonum
2089 1694 2184 1737 siue

380 1762 549 1804 malum
570 1762 700 1804 fuerit
731 1761 951 1817 recepturi
983 1768 1112 1817 prout
1144 1762 1190 1804 in
1222 1777 1403 1817 corpore
1430 1762 1652 1818 gessimus
1682 1763 1825 1818 Igitur
1851 1763 1969 1806 diem
1997 1764 2184 1808 extremi

381 1832 537 1887 Iudicij
562 1832 767 1887 operibus
785 1831 1085 1875 misericordie
1103 1832 1340 1887 expediens
1357 1839 1425 1875 est
1447 1833 1677 1888 preuenire
1689 1840 1737 1876 vt
1754 1833 1976 1878 seminata
1993 1834 2038 1877 in
2054 1835 2184 1878 terris

380 1902 615 1957 multiplici
631 1903 777 1945 fructu
799 1902 1065 1958 colligamus
1086 1903 1131 1945 in
1153 1903 1261 1946 celis
1283 1905 1412 1946 Vnde
1435 1904 1664 1947 Noueritis
1680 1919 1752 1948 me
1768 1920 1847 1960 pro
1868 1905 2014 1950 salute
2035 1906 2184 1950 anime

381 1987 476 2014 mee
509 1972 760 2015 animarum
784 1972 1041 2016 Elizabetht
1063 1973 1153 2029 hay
1174 1987 1335 2029 sponse
1358 1989 1455 2017 mee
1476 1974 1696 2018 Willelmi
1721 1990 1831 2031 gray
1857 1976 1997 2031 patris
2023 1976 2110 2019 mei
2141 1982 2184 2019 et

381 2043 501 2084 Sune
523 2042 637 2097 perri
660 2042 816 2085 matris
838 2057 935 2085 mee
957 2050 1193 2098 parentum
1220 2059 1419 2086 meorum
1447 2045 1779 2088 benefactorum
1801 2060 1953 2088 eorum
1976 2060 2003 2089 a
2025 2046 2184 2101 quibus

381 2112 530 2167 aliqua
567 2114 683 2155 bona
719 2112 868 2156 minus
903 2113 1019 2156 iuste
1055 2114 1191 2156 habui
1233 2120 1276 2157 et
1313 2114 1513 2157 omnium
1549 2115 1747 2158 fidelium
1783 2116 2091 2158 defunctorum
2130 2117 2183 2158 In

381 2182 593 2224 honorem
628 2182 713 2224 Dei
754 2182 1073 2238 omnipotentis
1105 2183 1363 2227 beatissime
1393 2184 1577 2240 virginis
1613 2184 1751 2227 marie
1789 2186 1954 2228 Sancte
1987 2186 2184 2228 Barbare

380 2251 564 2307 virginis
605 2259 648 2295 et
682 2253 882 2295 omnium
919 2253 1085 2296 ciuium
1127 2254 1360 2297 celestium
1403 2254 1577 2298 dedisse
1613 2254 1888 2297 concessisse
1929 2254 2184 2310 assignasse

382 2327 425 2362 et
467 2321 551 2364 hac
593 2322 786 2376 presenti
831 2329 956 2365 carta
1002 2337 1102 2366 mea
1149 2324 1439 2367 confirmasse
1485 2323 1688 2367 discretis
1734 2330 1777 2366 et
1818 2324 2040 2379 perdoctis
2079 2323 2185 2366 viris

384 2392 550 2433 Curato
591 2398 634 2433 et
676 2392 920 2447 capellanis
961 2393 1083 2435 chori
1124 2394 1310 2436 ecclesie
1357 2394 1626 2449 parochialis
1666 2394 1771 2449 dictj
1815 2394 1939 2449 burgj
1982 2400 2102 2437 totos
2143 2400 2186 2437 et

382 2459 579 2515 integros
614 2475 787 2504 annuos
822 2462 1021 2506 redditus
1057 2478 1181 2506 meos
1213 2464 1486 2519 subscriptos
1517 2478 1571 2507 ex
1602 2479 1701 2507 meo
1731 2464 1906 2519 proprio
1937 2471 2185 2519 conquestu

383 2537 666 2585 recuperatos
693 2531 899 2575 videlicet
929 2547 1066 2576 vnum
1095 2548 1295 2577 annuum
1327 2534 1548 2577 redditum
1580 2534 1915 2589 quatuordecim
1945 2534 2186 2577 solidorum

384 2600 618 2642 annuatim
660 2609 895 2645 exeuntem
932 2610 975 2645 et
1012 2604 1255 2647 leuandum
1292 2605 1346 2647 de
1381 2610 1477 2647 tota
1513 2610 1556 2647 et
1592 2604 1766 2659 integra
1801 2611 1919 2647 terra
1960 2605 2185 2659 quondam

385 2669 613 2712 alexandri
656 2671 759 2728 logy
798 2679 892 2715 tam
935 2674 1154 2717 anteriore
1196 2690 1330 2730 quam
1376 2673 1583 2717 interiore
1624 2689 1726 2717 cum
1768 2674 1860 2716 suis
1900 2673 2186 2729 pertinenciis

387 2739 568 2782 Iacente
609 2740 721 2784 infra
763 2742 931 2785 dictum
973 2745 1162 2800 burgum
1203 2745 1248 2787 in
1281 2745 1379 2787 vico
1418 2745 1642 2787 furcarum
1674 2759 1727 2787 ex
1758 2744 2022 2788 occidentali
2063 2750 2188 2799 parte

385 2808 582 2851 eiusdem
623 2811 708 2854 vici
749 2812 865 2855 inter
913 2820 1078 2857 terram
1121 2815 1303 2870 Ninianj
1355 2815 1541 2857 Blinseil
1588 2830 1640 2857 ex
1681 2815 1866 2858 australi
1906 2830 1960 2857 ex
1998 2829 2086 2857 vna
2128 2815 2188 2856 Et

385 2884 547 2921 terram
591 2883 815 2935 quondam
852 2884 1070 2926 Willelmi
1113 2886 1289 2928 buchan
1331 2900 1384 2927 ex
1424 2885 1588 2928 boreali
1630 2885 1829 2939 partibus
1869 2887 1925 2927 ab
1966 2885 2106 2927 altera
2145 2889 2188 2925 et

387 2960 648 2990 communes
683 2950 778 2992 vias
819 2950 964 3005 regias
1004 2967 1158 2995 versus
1199 2952 1345 2996 oriens
1386 2960 1430 2996 et
1471 2953 1678 2996 occidens
1719 2955 1780 2996 Et
1821 2953 1958 2996 alium
1990 2966 2188 2996 annuum
