2524 3418
203 1041 256 1073 sol.
280 1040 338 1073 83ยน

503 315 585 345 210
893 306 1097 348 Dimissio
1128 310 1228 348 terre
1258 320 1284 348 a
1313 310 1453 348 curato
1483 310 1519 348 et
1548 307 1768 362 capellanis
1799 308 1916 350 chori

502 426 671 462 cartam
697 420 934 474 subscripsi
958 435 1148 462 vnacum
1176 420 1576 474 subscriptionibus
1603 422 1886 465 manualibus
1912 423 2131 466 dictorum
2159 427 2300 482 curatj

502 495 543 529 et
577 490 906 543 capellanorum
940 491 1069 544 Apud
1104 489 1311 531 abirdene
1348 490 1609 532 duodecimo
1643 491 1712 533 die
1748 492 1914 534 mensis
1952 494 2147 548 Ianuarij
2187 509 2304 538 anno

501 558 667 612 dominj
703 558 938 600 millesimo
972 558 1327 612 quingentesimo
1361 560 1702 613 quadragesimo
1737 567 1898 603 octauo
1932 576 2081 604 coram
2115 563 2305 606 testibus

501 627 655 668 thoma
693 642 870 668 menzes
911 628 1133 682 preposito
1167 629 1220 669 de
1255 627 1462 670 abirdene
1499 629 1738 671 alexandro
1775 631 2025 673 rutherfurd
2067 632 2306 675 alexandro

502 695 662 736 knollis
704 696 916 750 magistro
956 698 1130 739 roberto
1172 697 1393 738 lumisden
1438 697 1663 751 magistris
1708 699 1908 742 Iohanne
1954 699 2218 743 nicholsoun
2260 707 2302 744 et

503 764 702 806 Iohanne
736 765 906 820 kenedy
937 765 1123 820 notarijs
1155 765 1344 820 publicis
1376 780 1478 808 cum
1511 766 1698 809 diuersis
1729 767 1830 822 alijs

1337 950 1458 994 CVI.

627 1043 875 1085 MNIBUS
907 1042 1022 1084 hanc
1056 1043 1239 1085 Cartam
1272 1042 1433 1084 visuris
1454 1043 1522 1084 vel
1550 1043 1768 1085 audituris
1801 1050 1983 1086 curatus
2011 1051 2053 1087 et
2083 1046 2301 1101 capellanj

682 1112 803 1166 chorj
828 1112 1014 1154 ecclesie
1046 1111 1335 1166 parrochialis
1358 1112 1447 1154 diui
1477 1112 1671 1155 nicholai
1704 1113 1829 1167 burgi
1863 1114 1916 1155 de
1944 1115 2162 1156 aberdene
2195 1121 2304 1157 eter-

498 1195 601 1223 nam
625 1180 669 1222 in
702 1181 881 1223 domino
905 1182 1095 1224 salutem
1129 1181 1343 1223 noueritis
1365 1196 1446 1223 nos
1479 1181 1783 1236 capitulariter
1815 1189 2109 1238 congregatos
2133 1184 2304 1227 vocatis

495 1250 707 1292 vocandis
738 1258 781 1292 et
812 1252 1034 1293 Interesse
1062 1250 1330 1293 habentibus
1358 1251 1555 1305 vnanimj
1587 1265 1808 1294 consensu
1831 1258 1873 1294 et
1896 1266 2082 1295 assensu
2111 1253 2303 1296 vtilitate

496 1327 647 1362 nostra
676 1319 780 1362 dicti
811 1320 950 1362 nostri
982 1320 1165 1374 capituli
1196 1320 1372 1375 preuisa
1398 1327 1585 1375 pensata
1612 1327 1655 1362 et
1682 1321 1917 1376 diligenter
1944 1322 2224 1365 considerata
2250 1337 2303 1365 ex

497 1389 628 1432 certis
645 1389 792 1431 causis
817 1389 1156 1432 rationabilibus
1179 1389 1354 1431 animos
1377 1396 1552 1431 nostros
1569 1391 1625 1432 ad
1648 1390 1731 1432 hoc
1751 1391 2034 1433 mouentibus
2050 1392 2301 1434 vendidisse

497 1466 539 1501 et
577 1459 796 1501 alienasse
835 1473 886 1501 ac
924 1458 1045 1513 ipsas
1075 1458 1375 1500 venditionem
1410 1465 1451 1500 et
1485 1459 1800 1502 alienationem
1836 1460 1921 1502 hac
1953 1461 2146 1515 presenti
2179 1467 2302 1504 carta

497 1528 784 1571 confirmasse
817 1534 1057 1582 tenoreque
1089 1528 1362 1582 presentium
1394 1529 1584 1570 vendere
1614 1535 1656 1570 et
1689 1529 1882 1571 alienare
1914 1529 2122 1584 ipsasque
2152 1530 2301 1572 vendi-

496 1597 663 1640 tionem
705 1604 747 1639 et
790 1597 1106 1640 alienationem
1148 1597 1232 1639 hac
1274 1597 1469 1652 presenti
1511 1604 1635 1640 carta
1679 1599 1941 1641 confirmare
1982 1599 2167 1654 prouido
2207 1599 2302 1642 viro

496 1669 659 1710 andree
682 1667 886 1710 craufurd
910 1667 1073 1709 seniori
1096 1667 1303 1721 burgensi
1332 1668 1385 1709 de
1414 1668 1634 1709 aberdene
1663 1674 1705 1709 et
1735 1667 1991 1710 elizabeitht
2014 1668 2120 1723 king
2141 1683 2302 1723 sponse

496 1751 573 1779 sue
606 1743 648 1778 et
685 1751 837 1779 eorum
871 1736 998 1779 alteri
1031 1736 1198 1778 diutius
1238 1736 1407 1778 viuenti
1439 1737 1764 1791 heredibusque
1806 1737 1921 1779 inter
1951 1737 2071 1792 ipsos
2104 1737 2301 1793 legitime

495 1806 737 1862 procreatis
774 1820 851 1848 seu
888 1806 1173 1861 procreandis
1215 1806 1374 1860 quibus
1414 1806 1526 1848 forte
1568 1806 1877 1848 deficientibus
1918 1806 2154 1849 heredibus
2194 1807 2300 1850 dicti

495 1877 656 1919 andree
678 1882 721 1917 et
754 1875 846 1917 suis
869 1875 1109 1930 assignatis
1132 1875 1468 1930 quibuscunque
1495 1875 1659 1917 Totam
1682 1881 1724 1917 et
1748 1875 1966 1930 integram
1990 1875 2112 1918 illam
2134 1882 2300 1919 terram

495 1952 693 1987 nostram
745 1945 1011 1987 anteriorem
1059 1960 1160 1987 cum
1205 1945 1485 2000 pertinentiis
1536 1960 1671 1999 quam
1722 1959 1840 1987 nunc
1891 1945 2144 1988 inhabitant
2194 1945 2300 1989 dicti

493 2016 683 2058 andreas
709 2021 752 2057 et
781 2015 1036 2057 elizabeitht
1068 2016 1296 2056 Iacentem
1326 2014 1438 2057 infra
1468 2014 1636 2057 dictum
1666 2015 1854 2069 burgum
1881 2029 1934 2056 ex
1962 2015 2146 2057 australi
2175 2022 2300 2070 parte

493 2084 578 2126 vici
606 2084 790 2126 nauium
823 2084 1021 2126 eiusdem
1058 2085 1181 2126 Inter
1208 2090 1372 2126 terram
1405 2085 1568 2126 andree
1601 2083 1775 2125 cullane
1807 2098 1859 2125 ex
1890 2083 2095 2125 orientali-
2130 2098 2183 2126 ex
2211 2099 2299 2128 vna

493 2160 659 2196 terram
691 2154 867 2208 gilberti
900 2153 1117 2196 malisone
1147 2168 1200 2195 ex
1231 2153 1496 2208 occidentalj
1531 2153 1733 2208 partibus
1761 2154 1816 2195 ab
1846 2153 1985 2195 altera
2014 2167 2297 2196 communem

492 2223 611 2265 viam
634 2223 801 2277 regiam
822 2238 976 2265 versus
1007 2224 1187 2265 boream
1219 2229 1262 2265 et
1288 2230 1452 2265 terram
1486 2222 1747 2264 Interiorem
1778 2221 1883 2264 dicti
1909 2223 2071 2264 andree
2093 2223 2298 2266 craufurd

492 2307 646 2334 versus
672 2299 873 2334 austrum
897 2307 975 2347 pro
996 2307 1083 2334 vno
1106 2307 1254 2334 annuo
1277 2292 1451 2334 redditu
1472 2291 1640 2347 vigenti
1663 2291 1904 2333 solidorum
1926 2291 2094 2333 vsualis
2120 2299 2298 2335 monete

493 2361 617 2416 regni
640 2361 777 2404 scotie
804 2362 931 2404 nobis
954 2368 996 2404 et
1020 2362 1351 2404 successoribus
1377 2361 1541 2403 nostris
1567 2361 1801 2403 annuatim
1824 2362 1877 2402 de
1899 2360 2153 2403 huiusmodi
2179 2367 2298 2404 terra

493 2431 712 2473 anteriore
754 2446 852 2473 cum
898 2431 1178 2486 pertinentiis
1219 2431 1433 2473 soluendo
1475 2432 1530 2473 ad
1572 2431 1682 2472 duos
1723 2429 1826 2482 annj
1870 2429 2085 2472 terminos
2120 2431 2298 2474 vsuales

493 2500 806 2555 penthecostes
831 2500 1036 2542 videlicet
1063 2507 1105 2542 et
1132 2500 1276 2542 sancti
1302 2499 1482 2554 martinj
1511 2499 1555 2541 in
1582 2499 1740 2554 hyeme
1763 2513 1840 2554 per
1865 2499 2046 2553 equales
2071 2499 2297 2554 portiones

493 2584 543 2611 ac
562 2584 640 2624 pro
657 2570 936 2624 reparatione
954 2576 996 2611 et
1016 2569 1346 2612 constructione
1368 2569 1484 2611 dicte
1505 2575 1619 2610 terre
1642 2567 1876 2610 anterioris
1898 2583 1999 2610 cum
2018 2568 2297 2623 pertinentiis

492 2638 753 2681 Tenendam
791 2646 834 2680 et
871 2639 1119 2681 habendam
1157 2646 1301 2680 totam
1338 2645 1381 2680 et
1425 2640 1652 2692 Integram
1687 2637 1852 2679 dictam
1889 2643 2053 2679 terram
2095 2644 2294 2681 nostram

492 2708 756 2750 anteriorem
781 2723 881 2750 cum
905 2708 1190 2763 pertinenciis
1212 2707 1342 2750 dictis
1368 2709 1530 2749 andree
1559 2713 1601 2749 et
1631 2706 1885 2748 elizabeitht
1915 2712 1956 2748 et
1987 2721 2138 2748 eorum
2168 2708 2294 2750 alteri
2320 2736 2331 2739 x

492 2777 658 2819 diutius
694 2777 861 2819 viuenti
899 2777 1223 2831 heredibusque
1264 2777 1379 2818 inter
1419 2777 1539 2830 ipsos
1576 2775 1773 2830 legitime
1809 2775 2051 2830 procreatis
2087 2790 2163 2818 seu
2198 2791 2294 2831 pro-

492 2847 695 2888 creandis
721 2853 766 2888 vt
794 2861 925 2900 supra
952 2862 977 2888 a
1004 2846 1131 2889 nobis
1160 2854 1202 2888 et
1233 2846 1563 2888 successoribus
1594 2845 1758 2886 nostris
1790 2846 1842 2886 de
1875 2859 2082 2899 supremo
2114 2846 2294 2888 domino

492 2922 644 2958 nostro
668 2930 771 2971 rege
793 2923 835 2957 et
858 2915 950 2959 suis
971 2916 1303 2959 successoribus
1328 2915 1505 2970 regibus
1531 2914 1668 2958 scotie
1690 2914 1734 2959 in
1756 2914 1884 2960 feodo
1906 2920 1948 2956 et
1975 2914 2219 2959 hereditate
2241 2929 2294 2961 ac
