2524 3418
409 337 490 378 116
935 333 1151 375 Fundacio
1182 331 1380 387 Stephani
1410 332 1457 373 da
1488 331 1690 386 Balcronj

407 450 552 505 brantj
584 457 626 492 et
660 463 737 504 pro
769 454 981 503 perpetuo
1013 447 1288 488 celebraturo
1320 445 1490 487 cituato
1519 445 1563 487 in
1593 445 1781 487 ecclesia
1813 445 2059 499 parochiali
2090 446 2209 488 beati

409 518 618 572 nicholaij
663 515 928 559 confessoris
968 514 1072 567 dictj
1118 513 1242 567 burgj
1287 527 1442 554 omnes
1478 519 1521 554 et
1559 512 1758 567 singulos
1800 527 1974 554 annuos
2014 513 2214 555 redditus

410 586 714 640 infrascriptos
749 598 859 638 quos
895 582 1093 624 diuinam
1132 581 1382 634 suffragans
1419 580 1751 635 prouidenciam
1786 580 1962 635 proprio
1994 581 2211 635 acquisiuj

412 661 658 708 conquestu
691 658 903 694 exeuntes
935 648 1168 692 annuatim
1205 650 1259 691 de
1295 648 1424 690 terris
1461 648 1754 702 infrascriptis
1785 648 1989 691 videlicet
2024 651 2077 692 de
2110 664 2216 703 qua-

412 725 514 766 dam
539 731 654 764 terra
682 735 780 762 mea
810 721 991 762 Iacente
1014 733 1066 760 ex
1088 718 1353 760 occidentali
1386 724 1510 772 parte
1531 717 1615 771 vicj
1650 718 1873 760 furcarum
1906 718 2022 760 inter
2051 725 2217 760 terram

415 805 561 833 meam
596 789 817 844 propriam
852 802 905 829 ex
945 793 1071 842 parte
1106 785 1270 829 boreali
1312 800 1365 828 ex
1406 792 1530 840 parte
1571 800 1658 828 vna
1695 792 1737 828 et
1774 800 2059 828 communem
2099 786 2218 828 viam

414 859 582 912 regiam
620 871 707 911 qua
743 856 831 898 itur
862 869 888 898 a
923 855 1016 897 foro
1053 854 1157 908 dictj
1197 853 1322 908 burgj
1362 855 1418 896 ad
1454 854 1494 895 le
1531 853 1751 908 schipraw
1787 869 1840 896 ex
1873 861 1998 909 parte
2034 853 2219 897 australi

415 926 616 980 partibus
653 938 706 966 ex
742 923 882 966 altera
918 928 961 965 et
995 923 1107 964 duas
1139 921 1235 964 vias
1275 920 1421 976 regias
1458 936 1510 964 ex
1546 921 1748 976 partibus
1789 921 1994 965 orientali
2031 928 2075 965 et
2109 921 2222 965 occi-

415 992 582 1036 dentali
620 992 707 1034 Sex
744 1005 916 1033 mercas
943 989 1112 1032 vsualis
1146 994 1324 1031 monete
1358 989 1481 1044 regnj
1514 989 1658 1032 scocie
1691 989 1791 1032 inde
1821 991 2016 1033 concedo
2048 997 2091 1033 et
2122 990 2223 1032 volo

417 1075 469 1103 ac
502 1060 648 1115 obligo
680 1073 750 1101 rne
777 1065 819 1101 et
846 1059 1031 1100 heredes
1063 1071 1187 1099 meos
1220 1071 1501 1099 successores
1531 1063 1573 1099 et
1603 1063 1780 1100 nostros
1811 1058 2065 1113 assignatos
2094 1072 2223 1112 quos—

417 1142 591 1182 cunque
634 1133 886 1169 sustentare
927 1132 970 1168 et
1013 1125 1217 1180 supplere
1263 1124 1429 1167 dietam
1481 1130 1645 1167 terram
1697 1139 1799 1167 cum
1851 1125 2137 1180 pertinenciis
2178 1125 2223 1167 in

417 1197 624 1239 omnibus
647 1195 739 1237 suis
761 1193 1026 1236 necessariis
1055 1199 1097 1235 et
1127 1192 1308 1247 quocies
1336 1192 1455 1235 dicta
1483 1199 1600 1235 terra
1628 1192 1811 1248 incipiat
1841 1194 2027 1236 deficere
2055 1193 2100 1235 in
2128 1199 2224 1235 toto

417 1264 486 1306 vel
519 1263 563 1305 in
596 1269 720 1318 parte
752 1261 902 1316 aliqua
933 1261 1074 1316 ipsius
1106 1261 1202 1302 Nos
1222 1274 1326 1302 vero
1347 1259 1416 1302 vel
1449 1260 1548 1314 quis
1579 1267 1782 1303 nostrum
1809 1275 2016 1316 nuncque
2044 1261 2225 1316 recipie-

420 1346 520 1374 mus
556 1331 752 1384 aliquam
783 1343 1007 1372 summam
1040 1327 1226 1383 pecunie
1257 1327 1385 1370 nobis
1415 1328 1485 1370 vel
1518 1328 1650 1370 alicui
1687 1335 1890 1371 nostrum
1927 1329 2223 1384 pertinentem

419 1403 472 1444 de
504 1401 623 1444 dicta
659 1407 777 1442 terra
819 1414 920 1442 cum
962 1398 1249 1454 pertinenciis
1290 1412 1368 1452 pro
1409 1412 1496 1440 vno
1535 1398 1605 1440 vel
1647 1399 1820 1441 duobus
1850 1399 2054 1441 terminis
2086 1400 2225 1441 donec

420 1469 690 1512 sufficienter
712 1473 988 1510 sustentetur
1010 1465 1256 1520 corrigatur
1272 1472 1315 1508 et
1333 1466 1594 1520 suppleatur
1610 1466 1730 1509 dicta
1751 1473 1869 1510 terra
1892 1482 1969 1522 per
1991 1467 2226 1510 consilium

420 1544 463 1580 et
481 1537 626 1580 visum
645 1535 863 1590 capellanj
889 1534 993 1589 dictj
1019 1534 1173 1577 altaris
1191 1533 1263 1588 quj
1288 1548 1367 1588 pro
1389 1540 1588 1588 tempore
1609 1534 1740 1577 fuerit
1763 1536 1823 1577 Et
1847 1536 1900 1577 de
1916 1541 2034 1578 terra
2057 1534 2226 1589 henricj

421 1620 532 1662 ryny
565 1607 747 1647 Iacente
778 1604 823 1646 in
854 1603 952 1645 vieo
984 1603 1038 1646 de
1069 1602 1164 1657 futy
1186 1601 1302 1643 inter
1329 1607 1493 1644 terram
1520 1601 1734 1644 heredum
1758 1604 1982 1657 quondam
2006 1603 2225 1657 Willelmj

421 1688 555 1729 cryne
584 1687 637 1715 ex
658 1678 784 1727 parte
816 1670 1002 1714 australi
1025 1684 1078 1712 ex
1099 1676 1225 1725 parte
1246 1684 1334 1712 vna
1365 1676 1408 1712 et
1440 1676 1605 1712 terram
1627 1670 1826 1726 vilhelmj
1851 1672 1905 1714 de
1926 1671 2145 1714 westland
2177 1685 2231 1713 ex

423 1748 548 1798 parte
579 1740 735 1784 boriali
757 1753 811 1782 ex
832 1745 958 1794 parte
980 1737 1122 1780 altera
1151 1752 1228 1780 sex
1260 1737 1425 1780 solidos
1447 1743 1491 1780 et
1514 1743 1614 1780 octo
1636 1738 1843 1781 denarios
1876 1740 1936 1781 Et
1958 1740 2012 1782 de
2035 1739 2229 1794 quadam

423 1818 541 1853 terra
574 1823 674 1851 mea
707 1809 889 1851 Iacente
926 1806 971 1848 in
1001 1806 1100 1848 vico
1135 1805 1320 1848 nauium
1358 1820 1411 1848 ex
1447 1805 1713 1849 occidentali
1750 1813 1875 1861 parte
1910 1807 1995 1862 vicj
2030 1807 2230 1850 eiusdem

424 1878 540 1920 inter
571 1884 736 1919 terram
772 1876 937 1918 andrea
969 1874 1127 1917 wricht
1162 1888 1215 1916 ex
1248 1879 1373 1929 parte
1410 1874 1597 1917 australi
1629 1889 1682 1917 ex
1713 1881 1838 1930 parte
1868 1890 1957 1918 vna
1988 1881 2031 1918 et
2064 1882 2230 1918 terram

425 1947 578 1989 thome
610 1943 812 1987 blinseile
843 1957 897 1985 ex
927 1948 1053 1998 parte
1084 1941 1250 1984 boreali
1282 1941 1484 1996 partibus
1506 1942 1561 1984 ab
1584 1942 1725 1985 altera
1753 1957 1829 1985 sex
1859 1943 2024 1986 solidos
2055 1949 2098 1986 et
2131 1949 2232 1986 octo

427 2013 632 2056 denarios
662 2013 721 2054 Et
744 2013 798 2054 de
821 2011 1014 2065 quadam
1036 2016 1154 2052 terra
1177 2010 1360 2052 Iacente
1382 2009 1427 2051 in
1449 2009 1489 2052 le
1512 2009 1723 2064 gaistraw
1744 2025 1797 2052 ex
1819 2011 2084 2054 occidentali
2107 2017 2233 2066 parte

427 2081 512 2124 vici
535 2081 733 2123 eiusdem
763 2079 878 2121 inter
907 2084 1072 2121 terram
1105 2077 1318 2120 heredum
1342 2078 1567 2131 quondam
1593 2077 1809 2120 Iohannis
1831 2093 2003 2121 marsar
2033 2094 2086 2121 ex
2107 2084 2233 2134 parte

429 2149 584 2193 boriali
613 2162 666 2190 ex
694 2153 818 2202 parte
840 2160 927 2188 vna
949 2152 992 2188 et
1014 2152 1180 2188 terram
1203 2146 1363 2187 domus
1395 2151 1548 2188 sancte
1580 2145 1795 2187 trinitatis
1817 2161 1869 2188 ex
1891 2152 2015 2201 parte
2048 2145 2234 2188 australi

430 2233 483 2260 ex
514 2223 639 2272 parte
671 2216 812 2258 altera
842 2213 1079 2256 tresdecim
1112 2213 1278 2256 solidos
1300 2219 1343 2255 et
1366 2219 1557 2268 quatuor
1587 2213 1793 2255 denarios
1825 2215 1885 2255 Et
1912 2215 1966 2256 de
1999 2214 2084 2256 Illa
2116 2221 2235 2256 terra

431 2299 532 2328 mea
564 2298 699 2338 quam
731 2282 932 2325 inhabito
967 2283 1148 2324 Iacente
1171 2280 1216 2322 in
1237 2280 1335 2323 vico
1366 2281 1590 2323 furcarum
1618 2295 1671 2322 ex
1693 2281 1958 2323 occidentali
1990 2288 2116 2336 parte
2146 2281 2232 2336 vicj

432 2354 631 2396 eiusdem
654 2351 769 2393 inter
789 2357 955 2393 terram
981 2350 1064 2392 ade
1085 2348 1163 2403 filij
1188 2348 1398 2403 nicholaij
1423 2363 1476 2390 ex
1497 2354 1622 2403 parte
1651 2348 1836 2390 australi
1859 2363 1912 2390 ex
1934 2355 2059 2404 parte
2080 2363 2168 2391 vna
2192 2354 2235 2391 et

432 2429 597 2464 terram
627 2418 793 2472 dominj
818 2419 981 2460 andree
1003 2417 1182 2459 seheres
1213 2416 1432 2471 capellanj
1457 2431 1510 2458 ex
1531 2422 1656 2471 parte
1684 2415 1839 2459 boriali
1862 2431 1915 2458 ex
1937 2423 2062 2472 parte
2094 2417 2235 2460 altera

433 2487 671 2532 tresdecim
694 2486 859 2528 solidos
881 2491 924 2528 et
947 2491 1137 2539 quatuor
1161 2484 1367 2527 denarios
1399 2485 1460 2526 Et
1482 2484 1536 2526 de
1559 2484 1752 2538 quadam
1778 2489 1896 2527 terra
1927 2499 2028 2527 mea
2056 2486 2238 2528 Iacente

435 2557 480 2598 in
521 2555 619 2598 vico
659 2554 882 2596 furcarum
925 2567 978 2595 ex
1018 2551 1223 2594 orientali
1264 2557 1391 2606 parte
1432 2550 1629 2593 eiusdem
1664 2550 1780 2593 inter
1819 2557 1983 2594 terram
2023 2552 2239 2595 Iohannis

437 2624 618 2667 scherar
653 2636 706 2665 ex
741 2628 867 2676 parte
903 2620 1058 2664 boriali
1095 2634 1148 2662 ex
1183 2626 1309 2675 parte
1339 2634 1426 2662 vna
1458 2625 1501 2662 et
1532 2625 1696 2662 terram
1729 2620 1922 2675 duncanj
1957 2620 2156 2664 lundoris
2187 2635 2240 2663 ex

438 2699 564 2747 parte
596 2689 782 2734 australi
814 2703 866 2732 ex
897 2694 1022 2743 parte
1054 2688 1194 2731 altera
1227 2702 1303 2730 sex
1335 2687 1499 2730 solidos
1531 2693 1573 2729 et
1607 2693 1707 2730 octo
1739 2688 1944 2730 denarios
1977 2690 2036 2731 Et
2068 2690 2122 2732 de
2156 2689 2240 2731 Illo

440 2760 578 2803 crofto
615 2773 714 2800 meo
751 2771 852 2800 cum
889 2755 1058 2799 vstrino
1094 2757 1150 2799 ad
1185 2756 1320 2798 finem
1357 2754 1677 2797 occidentalem
1720 2755 1917 2798 eiusdem
1962 2757 2143 2799 Iacente
2184 2757 2240 2798 ad

440 2829 574 2870 finem
607 2825 692 2868 vici
726 2839 780 2868 ex
813 2824 1016 2867 orientali
1051 2831 1175 2878 parte
1209 2824 1407 2866 eiusdem
1442 2823 1557 2865 inter
1589 2823 1778 2865 croftum
1816 2824 2029 2867 heredum
2071 2824 2238 2878 dominj

442 2894 667 2940 alexandri
699 2893 882 2949 barklay
903 2894 957 2935 de
988 2892 1209 2948 grantulie
1241 2891 1397 2934 militis
1428 2905 1481 2933 ex
1511 2897 1636 2947 parte
1669 2891 1834 2934 boreali
1860 2906 1913 2934 ex
1938 2899 2064 2949 parte
2084 2906 2172 2936 vna
2197 2898 2241 2936 et
