2524 3418
697 319 829 368 Carta
848 318 1083 375 feodzfirme
1112 318 1283 374 confecta
1312 317 1480 360 Andree
1509 317 1665 372 Durtty
2003 318 2082 371 167

1057 538 1316 580 LXXXIX.

655 656 782 713 Copia
808 656 927 700 Carta
938 656 1172 712 seodifirme
1198 656 1368 712 confecta
1388 656 1555 698 Andree
1576 655 1714 710 durtty

410 778 659 820 MNIBUS
691 776 807 819 hanc
840 783 1011 819 cartam
1037 777 1198 819 visuris
1223 777 1292 819 vel
1319 777 1550 819 Audituris
1582 783 1764 819 curatus
1787 783 1830 820 et
1864 777 2084 833 capellanj

465 845 586 899 chorj
613 845 799 887 ecclesie
825 845 1118 899 parrochialis
1145 846 1233 901 diuj
1262 846 1440 901 nicolaij
1475 848 1528 888 de
1550 846 1775 906 Abirdene
1808 853 2009 889 eternam
2042 847 2087 889 in

279 915 459 957 domino
496 915 688 957 salutem
723 915 951 957 Noueritis
982 930 1064 957 nos
1096 916 1403 970 capitulariter
1434 923 1728 971 congregatos
1752 917 1951 972 vnanimj
1986 932 2088 960 con-

281 999 415 1027 sensu
452 991 495 1027 et
532 998 720 1026 assensu
750 984 944 1026 vtilitate
982 984 1088 1026 dicti
1125 985 1266 1027 nostri
1302 985 1487 1039 capituli
1526 987 1578 1027 In
1617 987 1701 1028 hac
1738 992 1864 1041 parte
1895 987 2088 1041 Vndique

280 1055 457 1110 preuisa
498 1069 577 1110 per
612 1069 693 1097 nos
736 1055 791 1096 ad
833 1054 1015 1109 longum
1053 1054 1216 1097 rimata
1252 1061 1294 1097 et
1337 1055 1539 1098 discussa
1581 1057 1852 1111 Solennique
1892 1064 2089 1100 tractatu

280 1127 469 1180 desuper
490 1124 644 1168 habita
666 1124 840 1167 dedisse
859 1124 1135 1166 concessisse
1158 1126 1218 1167 Et
1241 1126 1296 1167 ad
1317 1125 1613 1168 feodifirmam
1632 1126 1879 1168 dimississe
1902 1128 2089 1169 Necnon

280 1203 433 1240 tenore
455 1196 735 1252 presencium
759 1197 864 1238 dare
891 1197 1133 1238 concedere
1164 1202 1207 1238 et
1237 1197 1293 1238 ad
1321 1196 1616 1239 feodifirmam
1639 1197 1920 1240 committere
1944 1200 2091 1252 Ipsas-

282 1282 366 1322 que
413 1267 706 1310 donacionem
759 1266 1095 1309 concessionem
1138 1273 1181 1308 et
1223 1267 1279 1309 ad
1319 1266 1617 1309 feudifirmam
1659 1267 1965 1310 dimissionem
2007 1268 2092 1310 hac

279 1343 485 1391 presente
518 1343 643 1379 carta
674 1342 828 1379 nostra
859 1337 1150 1379 confirmasse
1183 1336 1369 1391 prouido
1391 1336 1484 1379 viro
1516 1339 1678 1380 andree
1710 1339 1863 1393 durtty
1884 1338 2093 1394 burgensi

280 1409 333 1450 de
375 1407 585 1450 abirdene
626 1413 772 1449 totum
825 1413 868 1450 et
912 1409 1144 1462 Integrum
1191 1408 1308 1450 Illud
1349 1414 1658 1450 tenementum
1705 1416 1907 1452 nostrum
1949 1417 2093 1452 terras

279 1477 485 1520 videlicet
528 1484 707 1520 nostras
751 1478 1020 1520 anteriorem
1066 1478 1322 1520 interiorem
1365 1485 1512 1520 ortum
1556 1485 1600 1521 et
1643 1479 1852 1522 horreum
1894 1480 2092 1522 eiusdem

280 1561 382 1589 cum
426 1547 714 1602 pertinenciis
757 1562 841 1602 que
883 1547 1062 1590 fuerunt
1106 1549 1332 1602 quondam
1378 1548 1595 1591 Iohannis
1638 1564 1820 1605 murray
1861 1551 2094 1605 burgensis

280 1620 333 1661 de
356 1618 565 1661 abirdene
601 1625 645 1661 et
682 1618 810 1661 nobis
846 1633 924 1673 per
959 1619 1150 1661 eundem
1185 1619 1434 1661 Iohannem
1472 1621 1525 1661 In
1557 1634 1713 1674 puram
1751 1626 1794 1662 et
1832 1628 2092 1676 perpetuam

281 1689 564 1732 elimosinam
606 1704 821 1732 concessa
864 1689 1065 1732 Iacentia
1106 1689 1221 1732 infra
1267 1689 1436 1732 dictum
1479 1691 1668 1745 burgum
1723 1692 1775 1732 In
1817 1691 1915 1734 vico
1957 1692 2090 1747 castrj

281 1774 334 1802 ex
367 1759 544 1802 Boreali
577 1765 702 1814 parte
735 1760 934 1802 eiusdem
975 1761 1099 1802 Inter
1130 1766 1272 1802 terras
1303 1760 1487 1815 villelmj
1522 1760 1647 1803 leslie
1679 1767 1722 1803 et
1754 1761 1908 1804 thome
1939 1763 2095 1804 ander-

283 1844 395 1873 soun
437 1845 490 1872 ex
531 1830 736 1872 orientali
778 1836 904 1885 parte
946 1844 999 1872 ex
1038 1845 1126 1873 vna
1167 1836 1333 1873 terram
1372 1831 1546 1885 patricij
1593 1830 1705 1886 lesly
1740 1845 1793 1873 ex
1829 1831 2095 1875 occidentali

282 1899 485 1954 partibus
521 1901 577 1942 ab
618 1899 759 1942 altera
795 1905 838 1942 et
877 1914 1140 1942 communes
1174 1899 1272 1942 vias
1312 1899 1458 1955 regias
1498 1914 1656 1942 versus
1692 1906 1894 1943 austrum
1937 1908 1981 1944 et
2023 1903 2096 1945 bo-

281 1984 405 2013 ream
441 1969 805 2012 TENENDAM
845 1976 888 2012 et
925 1969 1178 2013 habendam
1210 1976 1355 2013 totam
1389 1977 1432 2013 et
1469 1970 1692 2025 integram
1729 1971 1896 2014 dictam
1930 1978 2094 2015 terram

282 2040 551 2083 anteriorem
597 2039 854 2082 interiorem
897 2046 1043 2082 ortum
1086 2047 1129 2083 et
1171 2040 1380 2083 horreum
1422 2041 1622 2084 eiusdem
1665 2056 1767 2084 cum
1809 2042 2096 2097 pertinenciis

280 2112 451 2167 prefato
483 2112 646 2154 andree
679 2111 772 2153 suis
803 2111 1041 2154 heredibus
1073 2118 1116 2154 et
1149 2111 1391 2167 assignatis
1423 2112 1637 2163 danobis
1660 2119 1702 2155 et
1725 2113 1890 2156 nostris
1922 2128 2095 2156 succes-

279 2181 453 2225 soribus
485 2182 538 2224 de
570 2196 779 2236 supremo
812 2181 993 2224 domino
1025 2188 1178 2224 nostro
1209 2197 1312 2237 rege
1345 2189 1388 2225 et
1423 2182 1515 2225 suis
1548 2183 1883 2226 successoribus
1916 2184 2094 2239 regibus

282 2252 428 2295 scocie
459 2251 504 2293 in
529 2252 657 2294 feodo
689 2258 733 2294 et
766 2252 1013 2294 hereditate
1046 2267 1098 2294 ac
1132 2254 1185 2295 In
1212 2252 1350 2295 libero
1383 2253 1598 2308 burgagio
1629 2253 1958 2308 imperpetuum
1992 2270 2093 2297 cum

280 2322 402 2365 omni
436 2323 538 2365 Iure
570 2328 612 2364 et
647 2321 940 2364 Iurisclameo
972 2322 1103 2364 titulo
1136 2323 1407 2377 proprietate
1430 2329 1473 2365 et
1497 2323 1780 2378 possessione
1809 2339 1910 2366 cum
1933 2324 2094 2366 debitis

279 2392 557 2447 longitudine
580 2398 622 2434 et
645 2392 882 2435 latitudine
905 2406 1007 2434 cum
1031 2392 1218 2446 edificijs
1241 2393 1432 2447 desuper
1454 2393 1725 2435 constructis
1748 2408 1849 2435 cum
1873 2394 2095 2448 lapidibus

281 2462 415 2517 lignis
438 2468 480 2504 et
504 2461 625 2505 calce
647 2462 712 2504 Ac
735 2476 837 2504 cum
870 2462 1078 2504 omnibus
1110 2462 1211 2517 alijs
1244 2469 1286 2505 et
1320 2462 1508 2518 singulis
1540 2463 1821 2506 libertatibus
1853 2464 2095 2506 commodi-

281 2530 450 2573 tatibus
484 2537 527 2573 et
564 2529 827 2573 asiamentis
864 2546 916 2573 ac
955 2531 1093 2573 Iustis
1131 2531 1223 2573 suis
1260 2531 1548 2586 pertinenciis
1586 2532 1923 2587 quibuscunque
1960 2548 2094 2587 quam

281 2601 525 2644 nominatis
546 2607 640 2644 tam
663 2616 753 2643 non
775 2602 1020 2644 nominatis
1042 2608 1135 2644 tam
1159 2616 1295 2657 prope
1319 2617 1453 2657 quam
1483 2604 1637 2658 procul
1670 2610 1764 2645 tam
1798 2605 1956 2646 subtus
1978 2611 2096 2647 terra

278 2686 413 2726 quam
446 2686 581 2726 supra
610 2677 776 2714 terram
809 2673 865 2715 ad
898 2672 1121 2727 predictas
1153 2679 1294 2715 terras
1326 2687 1428 2715 cum
1462 2673 1750 2728 pertinenciis
1782 2674 2091 2729 spectantibus

284 2756 363 2784 seu
402 2742 525 2784 Iuste
563 2748 764 2796 spectare
800 2742 1054 2785 valentibus
1096 2743 1428 2797 quomodolibet
1470 2743 1515 2785 in
1556 2744 1756 2786 futurum
1798 2745 1920 2785 Adeo
1962 2743 2097 2786 libere

282 2812 481 2866 plenarie
518 2811 689 2867 integre
726 2813 969 2856 honorifice
1006 2814 1117 2856 bene
1149 2820 1192 2856 et
1225 2813 1270 2855 in
1303 2828 1412 2868 pace
1444 2813 1489 2855 in
1521 2814 1729 2857 omnibus
1761 2820 1805 2856 et
1837 2828 1916 2869 per
1947 2815 2098 2857 omnia

282 2881 397 2924 sicut
420 2882 569 2937 aliqua
595 2889 713 2926 terra
734 2883 848 2927 infra
869 2884 1039 2927 dictum
1067 2886 1256 2939 burgum
1289 2891 1366 2927 aut
1399 2891 1524 2927 extra
1550 2887 1681 2928 datur
1707 2884 1966 2927 conceditur
1987 2891 2029 2927 et
2052 2885 2097 2927 in

279 2952 528 2996 feodifirma
552 2953 850 2997 committitur
872 2954 968 2997 sine
990 2954 1276 2998 reuocatione
1301 2955 1622 2998 reclamatione
1644 2961 1721 2997 aut
1744 2954 2097 2997 contradictione

2118 663 2176 696 fol.
2195 666 2234 697 66
2245 663 2258 684 ²

2119 787 2295 829 Vigesimo

2120 837 2244 863 octauo
2263 834 2344 873 1607

2122 875 2327 907 Productum
2341 876 2374 907 in

2121 920 2259 951 modurn
2277 920 2366 962 titulj

2122 974 2181 1004 pro
2198 970 2292 1004 parte

2121 1007 2377 1039 communitatis

2122 1050 2218 1092 burgi
2236 1051 2277 1082 de

2122 1094 2299 1126 Aberdene

2152 1138 2365 1171 Robertsoun
