2524 3418
479 321 558 375 176
668 321 880 362 Fun-datio
912 320 1113 372 Magistri
1145 319 1273 359 ilzomc
1310 319 1435 359 ll'aus
1466 319 1574 373 apud
1604 318 1734 359 aliare
1763 319 1894 359 sancti
1923 319 2096 373 martinj

475 437 610 477 ferme
645 436 837 489 recipere
871 436 1009 475 donec
1045 433 1313 474 sufficienter
1347 432 1563 485 reperitur
1597 440 1639 473 et
1674 434 1788 486 quod
1821 447 1907 474 non
1942 433 2089 475 licebit
2131 433 2272 475 eidem

475 506 704 560 capellano
737 505 1046 558 quoquomodo
1080 503 1266 544 eandem
1299 508 1463 543 terram
1487 502 1717 555 quibusuis
1749 502 1950 556 personis
1979 509 2055 544 aut
2087 517 2272 557 persone

474 585 550 617 aut
582 575 873 616 seodifirmam
904 582 979 614 aut
1013 586 1207 614 annuam
1242 571 1500 625 pensionem
1533 571 1755 612 dimittere
1787 572 1902 620 vltra
1933 586 2068 613 vnum
2101 572 2186 613 nisi
2219 574 2271 614 de

473 658 680 698 expresso
709 657 928 684 consensu
958 641 1152 696 episcopi
1183 641 1490 683 abirdonensis
1518 641 1672 695 decanj
1702 647 1745 683 et
1778 641 1959 696 capitulj
1989 641 2186 683 eiusdem
2215 643 2271 684 ad

472 713 554 754 hoc
596 719 852 753 vocatorum
896 710 980 751 nisi
1019 711 1071 751 In
1109 716 1398 763 augmentum
1437 716 1480 750 et
1516 709 1756 751 Vtilitatem
1794 710 1859 764 suj
1900 710 2192 752 deseruientis
2229 717 2271 753 et

472 795 650 823 suorum
694 793 1001 821 successorum
1045 779 1376 832 capellanorum
1419 778 1561 820 eidem
1599 779 1780 821 seruitio
1817 779 2162 821 deseruientium
2201 781 2272 822 In-

472 864 602 903 super
637 849 737 890 volo
773 856 816 890 et
855 849 1008 890 ordino
1042 850 1157 902 quod
1201 848 1235 889 si
1274 855 1489 902 patronus
1521 855 1566 889 vt
1604 849 1820 902 prefertur
1855 848 1900 889 in
1942 849 2272 903 presentatione

471 919 715 973 prescripta
748 918 978 972 negligens
1009 918 1137 959 fuerit
1167 926 1242 960 aut
1276 919 1577 960 fraudulenter
1604 920 1671 960 vel
1703 920 1861 960 saltem
1894 920 2065 961 nullum
2095 934 2271 974 presen-

470 987 630 1029 tauerit
658 987 769 1028 infra
795 987 978 1041 triginta
1004 987 1173 1028 dierum
1202 987 1395 1041 spatium
1423 987 1641 1029 inclusiue
1665 995 1764 1042 post
1791 990 2023 1030 decessum
2051 989 2267 1044 capellanj

469 1056 747 1110 precedentis
779 1064 884 1098 tune
918 1056 1066 1098 licebit
1099 1058 1267 1099 decano
1295 1065 1336 1099 et
1367 1057 1594 1099 canonicis
1627 1058 1807 1112 capitulj
1843 1058 2159 1100 aberdonensis
2192 1074 2270 1114 pro

468 1133 666 1180 tempore
709 1125 1002 1168 existentibus
1038 1133 1218 1181 propter
1258 1127 1342 1169 hoc
1384 1127 1688 1181 capitulariter
1727 1128 2008 1182 congregatis
2048 1130 2270 1183 ydoneum

468 1195 750 1248 capellanum
783 1203 1039 1249 presentare
1071 1211 1150 1250 pro
1182 1197 1266 1238 hac
1297 1197 1392 1238 vice
1425 1197 1518 1238 sine
1551 1197 1792 1252 preiudieio
1825 1197 2145 1252 presentatoris
2175 1213 2270 1253 pre-

467 1263 571 1317 dictj
628 1265 910 1306 Reuertendo
956 1272 1108 1306 tamen
1150 1272 1250 1319 post
1297 1265 1419 1307 illam
1461 1267 1838 1320 presentationem
1888 1268 1964 1308 Ius
2005 1273 2270 1321 patronatus

467 1333 664 1374 eiusdem
692 1334 873 1388 prefatis
896 1334 1007 1376 meis
1029 1335 1261 1389 legittimis
1287 1336 1668 1389 presentatoribus
1695 1343 1738 1378 et
1762 1336 1824 1378 sic
1847 1336 1951 1391 dictj
1983 1338 2179 1379 decanus
2199 1337 2269 1378 vel

467 1402 609 1444 maior
625 1402 856 1456 presidens
877 1418 979 1445 cum
1003 1403 1230 1446 canonicis
1253 1404 1434 1459 capitulj
1455 1405 1773 1447 aberdonensis
1795 1405 1963 1448 dictum
1987 1405 2267 1460 capellanum

467 1471 720 1513 successiue
749 1474 1069 1526 presentabunt
1098 1473 1133 1515 si
1161 1480 1376 1528 patronus
1402 1474 1674 1529 prescriptus
1700 1475 1811 1517 infra
1834 1475 2027 1530 spatium
2054 1475 2269 1530 prescrip-

464 1546 560 1582 tum
598 1541 828 1596 negligens
862 1542 992 1584 fuerit
1029 1557 1106 1597 pro
1143 1543 1238 1585 vice
1277 1545 1524 1586 Reseruato
1566 1558 1740 1599 semper
1782 1546 1882 1586 Iure
1916 1544 2268 1599 presentacionis

465 1609 596 1651 dictis
625 1611 836 1665 legitimis
865 1613 1063 1666 patronis
1090 1621 1190 1667 post
1219 1613 1603 1667 presentacionem
1634 1614 1787 1668 decanj
1820 1621 1896 1656 aut
1927 1614 2108 1656 maioris
2133 1615 2268 1669 presi-

465 1679 610 1720 dentis
648 1694 748 1721 cum
787 1681 1013 1723 canonicis
1051 1683 1231 1737 capitulj
1271 1683 1588 1725 aberdonensis
1621 1685 1674 1725 In
1707 1684 1834 1726 cuius
1864 1684 1924 1738 rej
1959 1684 2266 1726 testimonium

464 1749 566 1790 huic
599 1751 791 1805 presentj
827 1759 946 1794 carte
981 1767 1077 1794 mee
1110 1754 1304 1808 sigillum
1338 1769 1486 1796 meum
1520 1761 1587 1796 est
1619 1769 1866 1809 appensum
1899 1756 2016 1809 apud
2050 1755 2267 1797 aberdene

463 1818 710 1872 penultimo
737 1821 805 1862 die
833 1822 999 1864 mensis
1028 1823 1174 1878 martij
1207 1838 1324 1866 anno
1353 1824 1518 1878 dominj
1556 1824 1792 1867 millesimo
1825 1825 2267 1879 quadragentessimo

463 1889 767 1943 octuagesimo
798 1892 858 1933 Et
885 1893 940 1934 ad
967 1893 1180 1935 maiorem
1209 1894 1270 1949 rej
1304 1894 1574 1936 euidentiam
1605 1894 1799 1949 sigillum
1829 1895 1982 1936 thome
2010 1901 2108 1949 prat
2135 1895 2266 1937 vnius

463 1957 729 2000 balliuorum
762 1961 1042 2014 presentibus
1073 1963 1235 2018 apponj
1271 1964 1504 2018 procurauj
1545 1978 1693 2006 coram
1727 1964 1797 2005 his
1829 1964 2019 2006 testibus
2051 1964 2265 2019 magistro

463 2026 702 2069 alexandro
725 2029 893 2071 Wauss
916 2031 1131 2074 canonico
1154 2032 1436 2075 abirdonensi
1464 2034 1702 2075 alexandro
1726 2048 1905 2075 menzes
1926 2033 2059 2076 dauid
2085 2049 2264 2076 menzes

462 2101 505 2136 et
533 2097 698 2138 andrea
724 2098 885 2140 brance
911 2100 1204 2154 burgensibus
1233 2102 1285 2143 de
1307 2103 1526 2144 aberdene
1555 2102 1735 2144 domino
1756 2103 1931 2144 roberto
1953 2102 2070 2157 leyss
2091 2103 2264 2145 notario

462 2164 639 2218 publico
650 2172 691 2207 et
703 2166 900 2222 philippo
915 2169 1153 2211 drumbrek
1161 2184 1247 2212 vno
1262 2170 1566 2212 seriandorum
1583 2170 1687 2225 dictj
1706 2171 1830 2225 burgj
1848 2185 1948 2212 cum
1964 2170 2151 2213 diuersis
2165 2170 2264 2213 aliis

635 2247 732 2288 Hec
755 2254 821 2289 est
839 2263 942 2291 vera
965 2250 1091 2304 copia
1114 2251 1371 2306 principalis
1394 2258 1513 2294 carte
1534 2252 1814 2294 fundacionis
1836 2251 2123 2307 suprascripti
2140 2258 2261 2294 tene-

632 2317 769 2358 menti
795 2332 898 2360 vero
925 2318 1070 2372 sigillo
1092 2320 1249 2374 prefati
1277 2320 1478 2375 magistri
1504 2321 1656 2362 thome
1678 2335 1801 2362 waus
1828 2320 2021 2375 sigillata
2047 2335 2136 2363 non
2161 2335 2263 2363 rasa

632 2386 880 2428 cancellata
902 2401 982 2429 nec
1005 2388 1049 2429 in
1072 2388 1159 2430 alia
1182 2403 1262 2431 sua
1284 2397 1408 2443 parte
1426 2396 1634 2443 suspecta
1657 2395 1723 2430 set
1746 2403 1856 2431 sana
1877 2389 2050 2443 integra
2072 2395 2115 2431 et
2141 2389 2261 2431 omni

632 2455 883 2509 suspicione
910 2471 1065 2498 carens
1092 2458 1386 2500 collacionata
1408 2464 1450 2500 et
1473 2457 1619 2499 reuisa
1641 2472 1718 2511 per
1740 2472 1810 2499 me
1843 2457 2106 2512 magistrum
2129 2457 2262 2500 dauid

631 2523 864 2565 nicholson
891 2525 1113 2567 notarium
1141 2526 1366 2580 publicum
1390 2541 1441 2568 ac
1464 2526 1653 2568 scribam
1681 2540 1964 2568 communem
1991 2527 2261 2569 aberdonen-

631 2607 724 2634 sem
758 2599 801 2634 et
834 2593 915 2635 hec
948 2596 1222 2636 concordans
1252 2609 1353 2636 cum
1386 2609 1465 2636 suo
1497 2594 1729 2648 principali
1761 2595 1814 2636 de
1842 2595 1974 2636 verbo
2006 2594 2050 2636 in
2077 2596 2260 2637 verbum

629 2661 765 2702 nichil
799 2663 963 2704 addato
998 2670 1073 2704 aut
1107 2665 1357 2705 substracto
1386 2664 1502 2718 quod
1531 2663 1638 2704 facti
1670 2663 1974 2705 substanciam
2007 2669 2150 2706 mutet
2182 2678 2260 2706 seu

628 2736 782 2771 vareat
805 2737 920 2771 teste
943 2745 1077 2772 manu
1100 2731 1276 2785 propria

794 2800 865 2841 Ita
887 2806 953 2841 est
979 2800 1126 2842 Dauid
1148 2800 1380 2842 nicholson
1403 2799 1603 2842 notarius
1625 2800 1828 2855 publicus
1850 2815 1986 2843 manu
2008 2800 2183 2855 propria

530 2408 571 2680 tunqdeffioan)

1044 2917 1070 2957 I
1074 2931 1099 2956 n
1115 2916 1224 2970 folio
1248 2928 1302 2970 70
1316 2914 1331 2939 2
1351 2916 1460 2957 m'lzz'l
1479 2916 1673 2972 scriptum
