2524 3418
527 244 778 285 Ornamentcz
812 244 930 284 varia
964 243 1142 295 Ecclcsje
1175 243 1320 285 Sancti
1349 243 1550 286 Niclzolai
1901 256 1950 298 15

144 359 198 399 ab
231 357 364 400 inicio
395 358 558 400 fabrice
590 358 707 400 dicte
739 357 1008 413 parochialis
1039 357 1224 400 ecclesie
1253 372 1386 412 quam
1426 360 1649 413 quondam
1687 359 1954 414 Radulphus

139 428 270 470 voket
293 428 526 483 burgensis
548 428 654 470 dicti
681 428 806 483 burgi
834 427 1067 471 renouauit
1090 428 1134 469 in
1158 427 1331 482 pictura
1354 427 1481 470 cuius
1510 428 1658 471 anime
1684 429 1954 484 propicietur

145 499 254 539 deus

258 639 332 691 [A]
347 653 434 679 nno
461 638 628 680 domini
661 638 901 680 Millesimo
931 638 1272 693 quadragesimo
1302 638 1444 693 primo
1467 638 1731 682 Willermus
1757 640 1810 681 de
1834 641 1953 682 Stra-

142 710 250 751 brok
272 708 378 751 dicti
402 709 527 763 burgi
550 709 782 763 burgensis
810 709 1014 751 fundauit
1047 710 1187 752 altare
1220 724 1351 764 super
1384 710 1669 764 columpnam
1703 709 1953 752 inferiorem

143 776 283 832 partis
309 777 499 820 borealis
527 777 657 820 nauis
686 777 955 832 parochialis
984 778 1170 820 ecclesie
1201 778 1307 820 dicti
1336 779 1462 832 burgi
1490 793 1622 833 super
1648 793 1782 833 quam
1812 779 1953 821 eciam

142 846 256 902 lapis
275 846 441 890 scissus
459 862 537 901 pro
559 847 906 890 conseruacione
929 862 1041 901 aque
1064 854 1218 890 sancte
1242 848 1532 891 constituitur
1551 850 1602 891 In
1622 848 1788 890 honore
1811 848 1954 891 sancti

143 916 293 959 Iacobi
328 915 519 971 apostoli
552 918 669 971 quod
701 917 879 971 quidem
917 917 1057 959 altare
1089 917 1265 960 ornauit
1298 919 1351 960 de
1383 918 1593 973 ymagine
1625 917 1769 961 sancti
1804 918 1953 961 Iacobi

142 985 306 1028 ibidem
349 985 516 1028 situata
555 985 838 1028 vestimentis
880 986 1020 1029 sacris
1062 987 1415 1030 sacerdotalibus
1457 989 1509 1030 de
1552 987 1690 1030 calice
1741 989 1954 1030 deaurato

142 1054 360 1098 breuiario
403 1055 574 1098 missali
623 1062 665 1098 et
710 1056 812 1111 alijs
857 1057 1122 1099 vtensilibus
1171 1057 1541 1101 conuenientibus
1588 1059 1642 1100 ad
1693 1057 1845 1101 diuina
1894 1060 1953 1100 Et

142 1125 344 1180 sepultus
375 1132 443 1168 est
476 1132 579 1169 ante
611 1126 728 1169 idem
762 1127 901 1169 altare
939 1127 1078 1170 Cuius
1110 1126 1308 1170 animam
1341 1128 1554 1182 perducat
1587 1128 1695 1170 deus
1728 1129 1783 1170 ad
1813 1127 1953 1170 vitam

142 1200 185 1237 et
217 1194 404 1249 gloriam
429 1194 746 1250 sempiternam

257 1334 331 1387 [A]
346 1348 434 1376 nno
458 1333 627 1377 domini
652 1334 893 1377 Millesimo
915 1334 1220 1377 tricentesimo
1243 1334 1586 1390 quadragesimo
1610 1337 1805 1378 secundo
1826 1350 1954 1378 vene-

143 1403 295 1446 rabilis
326 1403 393 1446 vir
429 1404 636 1447 dominus
675 1405 900 1447 Iohannes
937 1407 990 1447 de
1028 1406 1254 1460 kyngorne
1291 1405 1462 1460 primus
1495 1405 1730 1453 institutus
1761 1406 1842 1448 fuit
1879 1420 1956 1461 per

145 1476 458 1518 Reuerendum
488 1475 533 1517 in
566 1476 747 1519 Christo
779 1483 952 1532 patrem
975 1483 1017 1519 et
1041 1476 1272 1519 dominum
1305 1476 1535 1519 dominum
1568 1476 1870 1518 Alexandrum
1903 1478 1955 1519 de

142 1545 520 1600 kynnynmounde
544 1546 820 1601 Episcopum
836 1547 1199 1589 Aberdonensem
1222 1546 1267 1588 in
1289 1546 1456 1589 vicaria
1477 1545 1663 1588 ecclesie
1685 1545 1955 1600 parochialis

140 1616 193 1657 de
215 1616 447 1658 Aberdene
470 1618 530 1659 Et
554 1616 729 1659 ornauit
763 1617 902 1659 altare
931 1616 1048 1659 beati
1078 1615 1285 1658 Nicholai
1309 1617 1362 1658 de
1383 1615 1653 1658 vestimento
1687 1615 1951 1658 sacerdotali

75 1696 77 1699 '
139 1687 193 1728 de
226 1686 366 1729 serico
396 1687 533 1742 varijs
565 1688 787 1731 coloribus
819 1687 988 1730 intexto
1025 1694 1067 1730 et
1101 1702 1244 1742 cappa
1276 1687 1370 1730 auri
1402 1693 1525 1729 texta
1559 1689 1619 1729 Et
1652 1687 1854 1742 sepultus
1885 1692 1952 1728 est

140 1756 184 1799 in
207 1757 342 1800 choro
365 1758 504 1801 Cuius
527 1758 724 1801 animam
749 1760 961 1814 perducat
985 1759 1095 1801 deus
1118 1760 1173 1801 ad
1196 1764 1396 1801 eternam
1419 1757 1607 1813 gloriam

256 1897 434 1950 [A]nno
479 1896 646 1940 domini
696 1896 938 1940 Millesimo
982 1895 1289 1939 tricentesimo
1335 1894 1705 1951 quinquagesimo
1751 1894 1955 1938 Thomas

140 1981 331 2009 mersere
373 1967 606 2023 burgensis
643 1967 750 2010 dicti
787 1968 913 2022 burgi
951 1967 1126 2010 ornauit
1164 1968 1304 2010 altare
1347 1966 1491 2009 sancti
1535 1964 1743 2008 Nicholai
1781 1967 1834 2008 de
1867 1979 1953 2007 vno

139 2038 429 2080 tabernaculo
470 2038 694 2093 passionis
735 2038 891 2081 christi
935 2037 1050 2080 inter
1086 2036 1320 2092 ymagines
1357 2043 1400 2078 et
1438 2036 1578 2078 altare
1617 2034 1783 2077 situato
1821 2034 1953 2077 attin-

140 2123 250 2163 gens
282 2123 308 2151 a
339 2109 426 2151 fine
460 2109 616 2151 altaris
650 2123 789 2163 vsque
822 2110 878 2151 ad
910 2109 1044 2150 finem
1081 2109 1140 2150 Et
1179 2107 1381 2162 sepultus
1417 2112 1484 2148 est
1522 2111 1627 2147 ante
1663 2104 1780 2147 idem
1815 2104 1954 2147 altare

140 2177 280 2222 Cuius
333 2178 532 2221 animam
588 2180 801 2234 perducat
853 2180 962 2222 deus
1014 2179 1069 2221 ad
1120 2176 1312 2232 patriam
1370 2174 1665 2219 exultacionis
1721 2173 1816 2217 sine
1867 2174 1954 2216 fine

139 2262 270 2290 amen

1986 646 2042 677 fol.
2062 647 2101 677 5¹

1988 712 2148 744 Strabrok

1988 1344 2161 1386 Kingorne

1986 1905 2114 1936 Merser

255 2390 328 2444 [A]
342 2405 431 2432 nno
454 2390 622 2433 domini
648 2390 890 2433 Millesimo
912 2388 1218 2432 tricentesimo
1243 2386 1613 2443 quinquagesimo
1639 2384 1782 2440 primo
1813 2384 1950 2442 hono·
1983 2390 2092 2432 Leyth

139 2460 292 2503 rabilis
313 2461 380 2503 vir
400 2462 665 2505 Willermus
687 2463 740 2504 de
763 2461 872 2503 leith
896 2460 1071 2503 ornauit
1101 2459 1337 2502 ecclesiam
1365 2456 1667 2513 parochialem
1695 2454 1801 2497 dicti
1825 2454 1950 2508 burgi

141 2532 194 2573 de
233 2533 406 2574 duabus
443 2532 619 2587 magnis
657 2532 890 2586 campanis
926 2529 1248 2585 magniprecij
1289 2529 1333 2570 in
1371 2526 1613 2582 campanili
1654 2523 1951 2580 pendentibus

141 2615 304 2643 nomen
346 2601 528 2643 maioris
570 2616 788 2656 campane
834 2600 1112 2643 Laurencius
1148 2606 1191 2641 et
1229 2597 1413 2640 minoris
1449 2591 1594 2639 Maria
1632 2594 1724 2637 suis
1761 2592 1951 2648 propi-ijs

142 2671 395 2726 sumptibus
421 2678 463 2714 et
490 2671 696 2727 expensis
728 2671 868 2714 Cuius
901 2670 1059 2712 merito
1087 2669 1284 2712 animam
1311 2669 1524 2723 perducat
1551 2667 1660 2708 deus
1683 2665 1737 2706 ad
1763 2661 1950 2717 gloriam

256 2811 433 2865 [A]nno
482 2811 650 2854 domini
701 2811 943 2854 Millesimo
991 2809 1297 2853 tricentesimo
1339 2805 1709 2863 quinquagesimo
1757 2803 1952 2845 secundo
1983 2809 2094 2851 Leyth

141 2880 288 2924 dictus
319 2881 584 2926 Willermus
610 2883 663 2927 de
690 2881 799 2928 leith
833 2880 1067 2935 burgensis
1100 2879 1206 2922 dicti
1246 2878 1371 2932 burgi
1411 2876 1586 2919 ornauit
1614 2874 1780 2919 dictam
1813 2872 1951 2916 eccle-
