2524 3418
182 2725 238 2757 fol.
253 2727 293 2758 38
304 2724 315 2745 ¹

476 340 529 381 94
599 327 638 368 F
642 326 814 368 undacz'o
835 326 980 367 altaris
1003 326 1147 367 Sancti
1167 325 1386 366 saluatoris
1400 329 1475 380 per
1494 325 1709 367 Andream
1731 340 1899 381 murray
1923 326 2156 383 burgensem

475 441 799 496 imperpetuum
836 442 955 482 Dum
988 447 1138 482 tamen
1174 440 1297 482 Idem
1331 440 1530 481 Andreas
1563 445 1605 482 et
1638 440 1822 482 heredes
1854 441 1920 483 sui
1955 441 2097 483 eidem
2130 444 2272 498 capel-

474 512 589 554 lanie
632 526 731 553 cum
774 510 998 554 vacauerit
1042 511 1152 552 infra
1194 511 1380 552 duorum
1427 509 1647 552 mensium
1691 510 1884 565 spatium
1915 512 2136 566 ydoneum
2179 527 2272 568 pre-

474 581 714 623 sentauerit
749 580 1028 635 capellanum
1062 580 1177 633 quod
1207 579 1241 620 si
1274 579 1416 620 facere
1446 579 1683 620 neclexerit
1715 580 1783 621 vel
1813 580 2082 623 neclexerint
2110 581 2274 636 elapsis

473 651 602 692 dictis
634 650 788 692 diebus
813 650 1018 691 volumus
1047 650 1162 702 quod
1195 647 1472 703 presentacio
1505 649 1701 691 eiusdem
1729 650 1974 704 capellanie
2000 652 2055 693 ad
2081 651 2273 706 preposi-

475 728 567 762 tum
590 727 631 761 et
656 719 861 761 consules
893 718 1089 760 eiusdem
1114 718 1238 773 burgi
1261 718 1337 760 illa
1357 718 1452 760 vice
1475 719 1690 761 duntaxat
1722 719 1854 774 pleno
1884 719 1978 762 uire
2011 720 2276 763 deuoluatur

475 791 525 831 In
568 788 693 830 cuius
733 788 794 830 rei
839 787 1146 830 testimonium
1199 787 1394 842 sigillum
1441 802 1589 830 meum
1642 788 1835 843 presenti
1887 795 2007 831 carte
2058 803 2154 831 mee
2207 795 2273 832 est

472 872 717 913 appensum
751 864 793 899 et
825 858 880 900 ad
914 856 1126 899 maiorem
1160 856 1292 898 huius
1318 857 1378 912 rej
1411 857 1686 900 euidenciam
1717 863 1759 900 et
1793 858 2100 901 testimonium
2129 858 2274 914 sigilla

474 927 756 982 prouidorum
779 926 971 969 virorum
1002 926 1174 982 patricii
1203 928 1256 969 de
1286 927 1561 969 badzenocht
1584 934 1626 969 et
1656 927 1788 970 dauid
1811 929 1863 970 de
1885 942 2062 971 camera
2087 929 2273 971 duorum

473 997 736 1040 balliuorum
770 997 1068 1052 predictorum
1101 998 1340 1052 burgorum
1367 999 1420 1039 de
1442 997 1635 1040 Abirden
1659 1004 1701 1040 et
1724 999 1776 1040 de
1803 997 1950 1040 kintor
1980 1000 2043 1041 Ac
2069 999 2274 1040 datorum

474 1067 631 1110 Sasine
665 1067 833 1122 prefato
865 1067 994 1109 altari
1024 1074 1066 1108 et
1099 1067 1330 1122 capellano
1359 1067 1556 1110 eiusdem
1584 1069 1636 1109 de
1669 1067 1878 1122 predictis
1906 1067 2067 1110 annuis
2098 1067 2274 1111 redditi-

472 1140 554 1180 bus
579 1152 680 1180 cum
708 1138 993 1192 pertinenciis
1016 1137 1178 1193 apponi
1205 1138 1484 1192 presentibus
1517 1152 1617 1180 cum
1640 1137 1861 1180 instancia
1892 1137 2124 1193 procuraui
2157 1138 2274 1193 apud

473 1209 658 1261 burgum
697 1206 943 1261 predictum
981 1207 1058 1248 xii⁰
1097 1207 1165 1249 die
1207 1206 1375 1248 mensis
1419 1207 1624 1249 februarii
1667 1221 1784 1249 anno
1825 1207 1992 1249 domini
2038 1207 2275 1249 millesimo

472 1276 909 1331 quadringentesimo
961 1276 1329 1332 quinquagesimo
1381 1277 1571 1319 testibus
1622 1276 1954 1319 honorabilibus
1995 1283 2038 1319 et
2079 1276 2276 1332 prouidis

470 1346 575 1387 viris
618 1347 818 1388 Iohanne
859 1348 912 1389 de
955 1347 1152 1402 scroggis
1196 1346 1286 1389 filio
1327 1353 1434 1389 tunc
1477 1347 1700 1402 preposito
1745 1348 1946 1390 Iohanne
1986 1347 2053 1389 fiff
2088 1347 2275 1402 gilberto

471 1415 666 1458 menzeis
705 1416 904 1458 Iohanne
942 1418 995 1459 de
1038 1416 1236 1472 scroggis
1277 1423 1402 1472 patre
1441 1417 1640 1459 Iohanne
1673 1418 1726 1459 de
1763 1431 1860 1459 mar
1899 1418 2063 1460 andrea
2104 1417 2274 1460 ancroft

471 1487 635 1528 andrea
677 1486 939 1528 allansoune
981 1487 1182 1529 Iohanne
1218 1493 1547 1529 stevounsoune
1589 1487 1882 1542 burgensibus
1917 1487 2023 1529 dicti
2061 1486 2185 1542 burgi
2222 1488 2275 1529 de

471 1555 651 1598 abirden
690 1556 890 1598 Iohanne
932 1557 985 1598 de
1027 1571 1159 1611 spens
1191 1563 1234 1598 et
1267 1556 1506 1598 alexandro
1543 1557 1820 1599 andersoune
1856 1557 2027 1599 duobus
2064 1556 2274 1611 serjiand-

473 1639 598 1667 orum
641 1624 838 1668 eiusdem
877 1625 1001 1681 burgi
1037 1633 1080 1668 et
1118 1626 1332 1681 magistro
1370 1626 1571 1669 Iohanne
1603 1626 1760 1669 cadiou
1791 1625 1964 1669 notario
1995 1626 2171 1681 publico

827 1812 907 1854 EC
944 1817 1011 1853 est
1042 1825 1146 1854 vera
1184 1811 1313 1867 copia
1350 1810 1630 1854 fundacionis
1662 1811 1908 1867 capellanie
1943 1810 2140 1867 predicte
2173 1825 2275 1854 eon-

895 1881 1084 1922 cordans
1118 1894 1219 1922 cum
1258 1895 1338 1922 suo
1371 1880 1603 1935 principalj
1646 1880 1691 1922 in
1733 1880 1940 1922 omnibus
1980 1880 2276 1923 collacionata

702 1966 779 2006 per
810 1965 891 1992 nos
923 1950 1121 1993 notarios
1152 1951 1354 2006 publicos
1388 1951 1662 2006 subscriptos
1690 1951 1751 1993 nil
1781 1950 2074 2006 personaliter
2100 1956 2275 1993 mutato

702 2036 785 2076 que
809 2021 1107 2063 substantiam
1130 2021 1191 2064 rei
1215 2028 1389 2064 mutare
1418 2028 1565 2077 potest
1595 2028 1720 2064 sexto
1742 2021 1811 2064 die
1833 2021 2001 2064 mensis
2028 2021 2275 2064 decembris

699 2105 816 2133 anno
850 2090 1017 2133 domini
1055 2090 1294 2133 millesimo
1327 2091 1684 2146 quingentesimo
1714 2091 1926 2134 vicesimo
1961 2092 2167 2134 Secundo
2202 2092 2273 2133 In-

700 2160 893 2202 dictione
914 2160 1149 2203 vndecima
1172 2161 1460 2216 pontificatus
1492 2161 1763 2216 sanctissimj
1795 2161 1840 2203 in
1873 2160 2039 2204 christo
2061 2160 2200 2216 patris
2222 2175 2273 2203 ac

701 2230 866 2285 dominj
904 2230 1070 2286 dominj
1105 2231 1244 2286 nostrj
1279 2231 1461 2286 Adrianj
1496 2245 1609 2286 pape
1643 2231 1754 2285 sextj
1791 2245 1908 2273 anno
1944 2229 2086 2285 primo
2122 2243 2272 2272 coram

701 2299 771 2341 his
792 2299 982 2342 testibus
1015 2299 1194 2342 domino
1217 2301 1392 2342 roberto
1418 2300 1506 2356 hay
1528 2306 1571 2343 et
1595 2300 1797 2342 Iohanne
1830 2298 2014 2341 Salmon
2043 2298 2274 2353 capellano

704 2369 776 2410 Ita
798 2375 864 2410 est
886 2370 1089 2411 robertus
1110 2375 1205 2411 rust
1228 2369 1430 2412 notarius
1629 2368 1854 2411 Iohannes
1875 2367 2053 2422 galloay
2074 2366 2274 2410 notarius

706 2438 909 2492 publicus
931 2452 1067 2481 manu
1089 2438 1268 2494 propria
1628 2437 1832 2494 publicus
1854 2451 1990 2480 manu
2012 2436 2188 2492 propria

544 2125 586 2387 uinqdmflonqo

598 2271 630 2401 aequos
598 2202 623 2253 zsa
597 2118 628 2185 0¹H

1308 2622 1442 2664 LIII.

594 2715 635 2757 F
636 2715 812 2758 undacio
832 2715 978 2758 altaris
1000 2716 1146 2758 Sancti
1164 2716 1383 2758 saluatoris
1397 2719 1473 2771 per
1486 2714 1702 2757 Andream
1722 2728 1892 2769 murray
1915 2714 2150 2770 burgensem

1233 2785 1280 2827 de
1303 2785 1340 2826 A
1352 2784 1512 2827 birdene

603 2879 850 2922 MNIBUS
868 2878 984 2921 hanc
1003 2880 1185 2922 Cartam
1200 2877 1359 2921 visuris
1375 2877 1443 2920 vel
1462 2876 1679 2920 audituris
1695 2878 1896 2920 Andreas
1919 2877 2100 2932 Murray
2120 2875 2277 2919 Senior

655 2948 900 3003 Burgensis
917 2948 1042 3003 burgi
1061 2950 1114 2991 de
1131 2948 1339 2992 abirdene
1361 2954 1559 2991 eternam
1578 2947 1622 2989 in
1640 2947 1820 2990 domino
1842 2946 2032 2990 salutem
2049 2945 2276 2989 Noueritis
