2524 3418
196 1342 254 1373 sol.
270 1339 330 1374 52ยน

491 328 569 370 128
1034 323 1161 364 Carta
1194 320 1353 360 domini
1384 319 1582 360 Iohannis
1614 320 1749 361 litstar

667 447 788 484 carte
828 436 976 490 Iacobj
1017 434 1233 478 collisoun
1270 432 1502 488 burgensis
1538 432 1663 487 burgi
1700 434 1753 475 de
1784 433 2014 476 Aberdene
2051 435 2104 477 de
2135 435 2292 491 viginti

670 501 826 554 solidis
866 522 943 563 pro
984 520 1071 548 vno
1113 504 1416 547 anniuersario
1458 503 1588 546 dictis
1639 503 1883 559 capellanis
1924 511 1966 546 et
2009 511 2162 548 curato
2203 506 2293 562 diuj

667 578 842 632 nicolaij
863 579 915 619 de
933 576 1123 618 aberden
1146 574 1335 616 fideliter
1356 573 1520 628 scripta
1538 587 1615 628 per
1636 586 1706 615 me
1729 572 1992 627 magistrum
2009 573 2289 617 Willelmum

667 649 921 705 philipsoun
945 644 1286 688 auctoritatibus
1312 643 1459 699 papali
1492 650 1534 685 et
1567 642 1785 698 imperiali
1818 643 2041 686 notarium
2065 644 2290 700 publicum

668 720 978 774 presbyterum
1013 714 1241 757 dioceseos
1273 712 1589 756 aberdonensis
1621 719 1663 754 et
1696 714 1936 755 concordat
1969 727 2070 755 cum
2103 728 2184 756 sua
2215 714 2298 756 ori-

665 787 801 843 ginali
825 788 962 830 Carta
984 786 1037 828 de
1053 784 1186 826 verbo
1209 782 1252 825 in
1269 784 1452 826 verbum
1476 783 1592 837 quod
1615 788 1805 825 attestor
1826 781 1952 837 signo
1970 789 2012 824 et
2031 782 2293 839 cirographo

665 857 768 900 huic
790 854 1008 911 appositis
1040 853 1278 896 millesimo
1309 852 1666 908 quingentesimo
1687 852 1899 896 vicesimo
1931 853 2074 908 primo
2095 854 2165 897 die
2187 868 2293 896 uero

667 925 834 969 mensis
856 924 959 980 maij
985 923 1157 967 decimo
1179 929 1337 977 quarto

563 790 594 917 :requos
554 503 596 772 uqumssosiqo

1322 1167 1465 1208 LXX.

619 1333 867 1378 MNIBUS
903 1332 1020 1374 hanc
1058 1331 1241 1373 Cartam
1278 1328 1438 1371 visuris
1469 1328 1537 1370 vel
1574 1327 1793 1371 audituris
1825 1327 2031 1370 dominus
2070 1327 2296 1370 Iohannes

675 1404 822 1446 litstar
855 1401 1113 1457 capellanus
1144 1399 1300 1442 altaris
1333 1400 1599 1442 Sanctorum
1643 1397 1837 1453 Crispinj
1871 1404 1914 1440 et
1947 1396 2216 1452 Crispinianj
2250 1397 2296 1439 in

496 1473 684 1518 ecclesia
705 1470 956 1526 Perrochalj
977 1471 1030 1513 de
1047 1470 1277 1512 Aberdene
1301 1470 1518 1510 Eternam
1541 1467 1586 1509 in
1603 1467 1783 1510 domino
1801 1467 1992 1510 salutem
2011 1467 2124 1510 Cum
2140 1481 2298 1510 omnes

497 1543 716 1587 stabimus
733 1548 837 1585 ante
854 1539 1049 1583 tribunal
1067 1537 1235 1581 domini
1253 1536 1393 1580 nostri
1414 1537 1549 1580 Ihesu
1567 1535 1690 1579 cristi
1708 1536 1802 1579 siue
1823 1537 1989 1579 bonum
2008 1535 2102 1579 siue
2124 1535 2296 1579 malum

495 1613 624 1656 fuerit
650 1610 890 1667 Recepturi
912 1615 1043 1665 prout
1067 1608 1111 1651 in
1134 1622 1316 1663 corpore
1337 1607 1560 1663 gessimus
1593 1606 1735 1662 Igitur
1766 1606 1882 1650 diem
1915 1606 2099 1661 extremj
2135 1605 2296 1661 Iudicij

495 1683 702 1739 operibus
748 1679 1048 1724 misericordie
1085 1678 1323 1734 expediens
1359 1684 1426 1720 est
1463 1677 1694 1732 preuenire
1733 1683 1780 1719 vt
1822 1676 2043 1720 seminata
2083 1676 2128 1718 in
2168 1675 2300 1719 terris

498 1752 734 1809 multiplici
762 1753 907 1795 fructu
935 1750 1198 1805 colligamus
1220 1748 1265 1791 in
1288 1748 1395 1791 celis
1415 1749 1530 1791 vnde
1553 1747 1782 1790 Noueritis
1813 1762 1884 1790 me
1916 1746 2067 1790 diuino
2099 1745 2301 1789 caritatis

500 1823 673 1867 Intuitu
697 1823 749 1865 In
767 1821 982 1864 honorem
1001 1819 1071 1862 dei
1089 1817 1410 1873 omnipotentis
1427 1817 1696 1860 Beatissime
1713 1816 1897 1872 virginis
1914 1815 2052 1859 marie
2068 1805 2300 1859 beatorum

499 1891 722 1947 Nicholaij
749 1891 947 1933 Barbare
979 1903 1030 1932 ac
1063 1888 1263 1931 omnium
1291 1887 1469 1932 Ciuium
1499 1887 1731 1930 celestium
1760 1901 1839 1942 pro
1865 1886 2010 1929 salute
2032 1885 2180 1928 anime
2203 1898 2301 1927 mee

500 1963 752 2006 animarum
781 1966 1016 2017 parentum
1041 1974 1240 2002 meorum
1272 1950 1605 2002 benefactorum
1628 1957 2060 2013 consanguineorum
2083 1961 2126 1999 et
2148 1969 2301 1998 eorum

500 2048 526 2076 a
543 2033 702 2089 quibus
724 2032 874 2087 aliqua
890 2032 1007 2074 bona
1029 2030 1177 2073 minus
1199 2029 1314 2072 iuste
1336 2028 1471 2072 habui
1489 2035 1532 2072 et
1550 2028 1749 2072 omnium
1772 2027 1969 2071 fidelium
1992 2027 2301 2070 defunctorum

500 2102 674 2146 dedisse
707 2100 982 2144 concessisse
1014 2099 1268 2155 assignasse
1300 2105 1343 2141 et
1375 2099 1460 2141 hac
1492 2098 1687 2154 presenti
1719 2103 1843 2141 carta
1875 2111 1976 2139 mea
2011 2096 2301 2139 confirmasse

499 2171 826 2215 venerabilibus
848 2176 890 2213 et
913 2169 1117 2213 discretis
1138 2169 1244 2211 viris
1266 2170 1433 2213 Curato
1465 2175 1508 2211 et
1540 2167 1784 2223 capellanis
1816 2165 1938 2210 chori
1971 2165 2087 2208 dicte
2113 2163 2300 2208 ecclesie

500 2247 620 2284 totos
642 2247 685 2283 et
707 2240 904 2295 integros
926 2254 1100 2282 annuos
1123 2238 1342 2282 Redditus
1365 2253 1488 2281 meos
1511 2237 1784 2293 subscriptos
1807 2251 1859 2278 ex
1880 2249 1980 2278 meo
2001 2234 2178 2290 proprio
2200 2248 2302 2276 con-

501 2317 661 2366 questu
697 2316 982 2365 recuperatos
1012 2309 1217 2352 videlicet
1249 2323 1386 2351 vnum
1419 2323 1617 2351 annuum
1652 2306 1894 2350 Redditum
1927 2311 2028 2348 octo
2057 2304 2300 2348 solidorum

500 2381 669 2423 vsualis
702 2387 879 2423 monete
916 2379 1061 2423 scocie
1103 2380 1335 2423 annuatim
1373 2385 1608 2423 exeuntem
1650 2384 1693 2421 et
1734 2377 1974 2420 leuandum
2017 2376 2070 2418 de
2110 2373 2219 2418 totis
2259 2379 2303 2417 et

503 2451 688 2506 integris
726 2451 868 2494 Rudis
904 2450 999 2494 siue
1034 2450 1264 2506 perticatis
1298 2456 1516 2493 terrarum
1557 2455 1601 2492 et
1637 2447 1822 2491 edificiis
1853 2447 2095 2490 earundem
2126 2445 2302 2488 Andree

505 2521 612 2563 Iake
645 2519 890 2575 Burgensis
923 2520 1060 2575 Burgi
1093 2521 1146 2563 de
1180 2521 1425 2574 Inueroury
1448 2518 1704 2561 lacentibus
1737 2517 1857 2560 Infra
1889 2516 2078 2558 eundem
2111 2515 2299 2569 burgum

504 2593 557 2633 de
596 2591 841 2644 Inueroury
875 2589 1080 2632 videlicet
1117 2590 1170 2632 de
1206 2589 1349 2632 tribus
1384 2588 1527 2631 Rudis
1567 2586 1708 2642 ipsius
1748 2587 1910 2629 andree
1953 2584 2210 2627 Iacentibus
2251 2597 2304 2625 ex

504 2660 707 2702 orientali
740 2666 864 2714 parte
897 2659 1002 2702 dicti
1034 2659 1160 2715 burgi
1183 2659 1297 2702 inter
1318 2665 1482 2702 terram
1505 2657 1857 2701 ecclesiasticam
1880 2670 1933 2698 ex
1954 2654 2119 2698 boreali
2142 2668 2195 2696 ex
2214 2667 2302 2696 vna

505 2738 548 2773 et
570 2738 712 2773 terras
733 2731 952 2774 willelmi
974 2731 1189 2774 tailzeour
1209 2746 1263 2773 ex
1285 2730 1469 2773 australi
1491 2729 1691 2784 partibus
1713 2729 1768 2772 ab
1791 2728 1930 2770 altera
1952 2733 1995 2770 et
2018 2738 2301 2769 communem

503 2802 621 2844 viam
648 2801 836 2857 Regiam
858 2815 1012 2844 versus
1034 2801 1180 2844 oriens
1203 2802 1263 2843 Et
1285 2802 1339 2844 de
1361 2801 1533 2843 duabus
1557 2799 1699 2842 Rudis
1720 2805 1938 2841 terrarum
1972 2794 2228 2839 Iacentibus
2250 2808 2303 2836 ex

506 2871 709 2913 orientali
741 2877 866 2926 parte
898 2871 1096 2913 eiusdem
1129 2870 1243 2913 inter
1273 2876 1414 2912 terras
1448 2869 1631 2912 Roberti
1663 2869 1909 2911 andersone
1945 2880 1998 2908 ex
2034 2863 2221 2907 australi
2257 2869 2301 2905 et

506 2946 669 2982 terram
694 2939 910 2982 Iohannis
930 2941 1189 2983 Andersone
1214 2952 1267 2982 ex
1298 2938 1463 2982 boreali
1494 2939 1671 2994 Aquam
1703 2939 1756 2980 de
1788 2951 1896 2992 oury
1916 2948 2072 2978 versus
2093 2932 2239 2976 oriens
2260 2937 2303 2974 et
