<?xml version="1.0" encoding="UTF-8"?>
<!DOCTYPE html PUBLIC "-//W3C//DTD XHTML 1.0 Transitional//EN"
    "http://www.w3.org/TR/xhtml1/DTD/xhtml1-transitional.dtd">
<html xmlns="http://www.w3.org/1999/xhtml" xml:lang="en" lang="en">
 <head>
  <title>
</title>
<meta http-equiv="Content-Type" content="text/html;charset=utf-8" />
  <meta name='ocr-system' content='tesseract 3.04.00' />
  <meta name='ocr-capabilities' content='ocr_page ocr_carea ocr_par ocr_line ocrx_word'/>
</head>
<body>
  <div class='ocr_page' id='page_1' title='image "./cartulariumeccle01sainuoft_0055.png"; bbox 0 0 2524 3418; ppageno 0'>
   <div class='ocr_carea' id='block_1_1' title="bbox 1021 292 2048 353">
    <p class='ocr_par' dir='ltr' id='par_1_1' title="bbox 1021 292 2048 353">
     <span class='ocr_line' id='line_1_1' title="bbox 1021 292 2048 353; baseline 0.002 -19"><span class='ocrx_word' id='word_1_1' title='bbox 1021 292 1274 347; x_wconf 81' lang='lat' dir='ltr'><strong><em>Fragmenta</em></strong></span> <span class='ocrx_word' id='word_1_2' title='bbox 1997 313 2048 353; x_wconf 87' lang='lat'>23</span> 
     </span>
    </p>
   </div>
   <div class='ocr_carea' id='block_1_2' title="bbox 237 407 2048 889">
    <p class='ocr_par' dir='ltr' id='par_1_2' title="bbox 237 407 2048 889">
     <span class='ocr_line' id='line_1_2' title="bbox 244 407 2048 463; baseline 0.003 -11"><span class='ocrx_word' id='word_1_3' title='bbox 244 409 360 452; x_wconf 90' lang='lat' dir='ltr'>inter</span> <span class='ocrx_word' id='word_1_4' title='bbox 401 423 482 452; x_wconf 92' lang='lat' dir='ltr'>nos</span> <span class='ocrx_word' id='word_1_5' title='bbox 519 414 561 452; x_wconf 85' lang='lat' dir='ltr'>et</span> <span class='ocrx_word' id='word_1_6' title='bbox 599 408 768 452; x_wconf 87' lang='lat' dir='ltr'>dictum</span> <span class='ocrx_word' id='word_1_7' title='bbox 811 407 1076 463; x_wconf 86' lang='lat' dir='ltr'>magistrum</span> <span class='ocrx_word' id='word_1_8' title='bbox 1116 407 1360 451; x_wconf 87' lang='lat' dir='ltr'>Ricardum</span> <span class='ocrx_word' id='word_1_9' title='bbox 1402 407 1571 452; x_wconf 84' lang='lat' dir='ltr'>factum</span> <span class='ocrx_word' id='word_1_10' title='bbox 1609 411 1662 454; x_wconf 95' lang='lat' dir='ltr'>de</span> <span class='ocrx_word' id='word_1_11' title='bbox 1700 412 1830 455; x_wconf 89' lang='lat' dir='ltr'>terris</span> <span class='ocrx_word' id='word_1_12' title='bbox 1867 414 1959 457; x_wconf 88' lang='lat' dir='ltr'>suis</span> <span class='ocrx_word' id='word_1_13' title='bbox 1996 417 2048 458; x_wconf 91' lang='lat' dir='ltr'>de</span> 
     </span>
     <span class='ocr_line' id='line_1_3' title="bbox 245 477 2046 538; baseline 0.002 -15"><span class='ocrx_word' id='word_1_14' title='bbox 245 480 542 536; x_wconf 85' lang='lat' dir='ltr'>Strathgerny</span> <span class='ocrx_word' id='word_1_15' title='bbox 572 479 720 535; x_wconf 88' lang='lat' dir='ltr'>lothry</span> <span class='ocrx_word' id='word_1_16' title='bbox 751 486 793 522; x_wconf 89' lang='lat' dir='ltr'>et</span> <span class='ocrx_word' id='word_1_17' title='bbox 825 478 1008 533; x_wconf 86' lang='lat' dir='ltr'>brigend</span> <span class='ocrx_word' id='word_1_18' title='bbox 1042 477 1298 521; x_wconf 90' lang='lat' dir='ltr'>Iacentibus</span> <span class='ocrx_word' id='word_1_19' title='bbox 1331 478 1376 521; x_wconf 89' lang='lat' dir='ltr'>in</span> <span class='ocrx_word' id='word_1_20' title='bbox 1410 480 1594 523; x_wconf 90' lang='lat' dir='ltr'>baronia</span> <span class='ocrx_word' id='word_1_21' title='bbox 1627 483 1680 524; x_wconf 91' lang='lat' dir='ltr'>de</span> <span class='ocrx_word' id='word_1_22' title='bbox 1716 484 1901 538; x_wconf 90' lang='lat' dir='ltr'>Oboyne</span> <span class='ocrx_word' id='word_1_23' title='bbox 1934 484 2046 527; x_wconf 86' lang='lat' dir='ltr'>infra</span> 
     </span>
     <span class='ocr_line' id='line_1_4' title="bbox 242 548 2047 605; baseline 0.002 -12"><span class='ocrx_word' id='word_1_24' title='bbox 242 550 605 594; x_wconf 84' lang='lat' dir='ltr'>vicecomitatum</span> <span class='ocrx_word' id='word_1_25' title='bbox 632 551 685 592; x_wconf 92' lang='lat' dir='ltr'>de</span> <span class='ocrx_word' id='word_1_26' title='bbox 714 550 932 593; x_wconf 90' lang='lat' dir='ltr'>aberdene</span> <span class='ocrx_word' id='word_1_27' title='bbox 965 548 1124 603; x_wconf 91' lang='lat' dir='ltr'>quibus</span> <span class='ocrx_word' id='word_1_28' title='bbox 1155 548 1284 591; x_wconf 90' lang='lat' dir='ltr'>terris</span> <span class='ocrx_word' id='word_1_29' title='bbox 1310 550 1363 591; x_wconf 94' lang='lat' dir='ltr'>de</span> <span class='ocrx_word' id='word_1_30' title='bbox 1388 549 1537 592; x_wconf 84' lang='lat' dir='ltr'>futhes</span> <span class='ocrx_word' id='word_1_31' title='bbox 1569 552 1654 605; x_wconf 84' lang='lat' dir='ltr'>beg</span> <span class='ocrx_word' id='word_1_32' title='bbox 1675 559 1717 594; x_wconf 90' lang='lat' dir='ltr'>et</span> <span class='ocrx_word' id='word_1_33' title='bbox 1744 553 1893 596; x_wconf 86' lang='lat' dir='ltr'>futhes</span> <span class='ocrx_word' id='word_1_34' title='bbox 1926 569 2047 598; x_wconf 88' lang='lat' dir='ltr'>more</span> 
     </span>
     <span class='ocr_line' id='line_1_5' title="bbox 243 619 2046 668; baseline 0.002 -4"><span class='ocrx_word' id='word_1_35' title='bbox 243 636 345 664; x_wconf 89' lang='lat' dir='ltr'>cum</span> <span class='ocrx_word' id='word_1_36' title='bbox 383 621 638 664; x_wconf 87' lang='lat' dir='ltr'>molendino</span> <span class='ocrx_word' id='word_1_37' title='bbox 674 619 872 662; x_wconf 86' lang='lat' dir='ltr'>eiusdem</span> <span class='ocrx_word' id='word_1_38' title='bbox 907 621 960 662; x_wconf 90' lang='lat' dir='ltr'>de</span> <span class='ocrx_word' id='word_1_39' title='bbox 997 619 1214 662; x_wconf 84' lang='lat' dir='ltr'>fructibus</span> <span class='ocrx_word' id='word_1_40' title='bbox 1251 621 1304 663; x_wconf 92' lang='lat' dir='ltr'>de</span> <span class='ocrx_word' id='word_1_41' title='bbox 1341 620 1548 663; x_wconf 88' lang='lat' dir='ltr'>omnibus</span> <span class='ocrx_word' id='word_1_42' title='bbox 1585 622 1685 664; x_wconf 90' lang='lat' dir='ltr'>aliis</span> <span class='ocrx_word' id='word_1_43' title='bbox 1721 624 1850 666; x_wconf 87' lang='lat' dir='ltr'>terris</span> <span class='ocrx_word' id='word_1_44' title='bbox 1883 626 2046 668; x_wconf 87' lang='lat' dir='ltr'>nostris</span> 
     </span>
     <span class='ocr_line' id='line_1_6' title="bbox 237 689 2045 746; baseline 0.003 -12"><span class='ocrx_word' id='word_1_45' title='bbox 237 691 492 746; x_wconf 88' lang='lat' dir='ltr'>jacentibus</span> <span class='ocrx_word' id='word_1_46' title='bbox 514 689 558 733; x_wconf 90' lang='lat' dir='ltr'>in</span> <span class='ocrx_word' id='word_1_47' title='bbox 581 689 777 733; x_wconf 88' lang='lat' dir='ltr'>dominio</span> <span class='ocrx_word' id='word_1_48' title='bbox 800 695 952 732; x_wconf 80' lang='lat' dir='ltr'>nostro</span> <span class='ocrx_word' id='word_1_49' title='bbox 970 691 1023 732; x_wconf 89' lang='lat' dir='ltr'>de</span> <span class='ocrx_word' id='word_1_50' title='bbox 1044 689 1194 732; x_wconf 85' lang='lat' dir='ltr'>futhes</span> <span class='ocrx_word' id='word_1_51' title='bbox 1216 704 1338 732; x_wconf 87' lang='lat' dir='ltr'>more</span> <span class='ocrx_word' id='word_1_52' title='bbox 1361 690 1473 733; x_wconf 88' lang='lat' dir='ltr'>infra</span> <span class='ocrx_word' id='word_1_53' title='bbox 1491 691 1659 734; x_wconf 86' lang='lat' dir='ltr'>dictum</span> <span class='ocrx_word' id='word_1_54' title='bbox 1682 692 2045 739; x_wconf 84' lang='lat' dir='ltr'><strong>vicecomitatum</strong></span> 
     </span>
     <span class='ocr_line' id='line_1_7' title="bbox 241 760 2046 816; baseline 0.002 -10"><span class='ocrx_word' id='word_1_55' title='bbox 241 763 294 806; x_wconf 91' lang='lat' dir='ltr'>de</span> <span class='ocrx_word' id='word_1_56' title='bbox 317 763 536 806; x_wconf 85' lang='lat' dir='ltr'>aberdene</span> <span class='ocrx_word' id='word_1_57' title='bbox 558 760 823 803; x_wconf 85' lang='lat' dir='ltr'>Tenendum</span> <span class='ocrx_word' id='word_1_58' title='bbox 847 766 889 802; x_wconf 87' lang='lat' dir='ltr'>et</span> <span class='ocrx_word' id='word_1_59' title='bbox 913 760 1167 803; x_wconf 88' lang='lat' dir='ltr'>habendum</span> <span class='ocrx_word' id='word_1_60' title='bbox 1201 766 1243 803; x_wconf 90' lang='lat' dir='ltr'>et</span> <span class='ocrx_word' id='word_1_61' title='bbox 1276 761 1608 816; x_wconf 89' lang='lat' dir='ltr'>percipiendum</span> <span class='ocrx_word' id='word_1_62' title='bbox 1632 764 1686 806; x_wconf 92' lang='lat' dir='ltr'>de</span> <span class='ocrx_word' id='word_1_63' title='bbox 1708 764 1835 807; x_wconf 92' lang='lat' dir='ltr'>nobis</span> <span class='ocrx_word' id='word_1_64' title='bbox 1858 772 1900 808; x_wconf 93' lang='lat' dir='ltr'>et</span> <span class='ocrx_word' id='word_1_65' title='bbox 1923 766 2046 810; x_wconf 87' lang='lat' dir='ltr'>here-</span> 
     </span>
     <span class='ocr_line' id='line_1_8' title="bbox 242 830 2047 889; baseline 0.002 -12"><span class='ocrx_word' id='word_1_66' title='bbox 242 834 370 877; x_wconf 85' lang='lat' dir='ltr'>dibus</span> <span class='ocrx_word' id='word_1_67' title='bbox 387 830 552 874; x_wconf 86' lang='lat' dir='ltr'>nostris</span> <span class='ocrx_word' id='word_1_68' title='bbox 569 830 738 873; x_wconf 88' lang='lat' dir='ltr'>dictum</span> <span class='ocrx_word' id='word_1_69' title='bbox 762 844 960 873; x_wconf 89' lang='lat' dir='ltr'>annuum</span> <span class='ocrx_word' id='word_1_70' title='bbox 984 830 1205 873; x_wconf 90' lang='lat' dir='ltr'>redditum</span> <span class='ocrx_word' id='word_1_71' title='bbox 1233 832 1386 873; x_wconf 90' lang='lat' dir='ltr'>decern</span> <span class='ocrx_word' id='word_1_72' title='bbox 1411 831 1621 875; x_wconf 85' lang='lat' dir='ltr'>librarum</span> <span class='ocrx_word' id='word_1_73' title='bbox 1640 848 1741 876; x_wconf 89' lang='lat' dir='ltr'>curn</span> <span class='ocrx_word' id='word_1_74' title='bbox 1761 835 2047 889; x_wconf 84' lang='lat' dir='ltr'>pertinenciis</span> 
     </span>
    </p>
   </div>
   <div class='ocr_carea' id='block_1_3' title="bbox 239 899 2048 1168">
    <p class='ocr_par' dir='ltr' id='par_1_3' title="bbox 239 899 2048 1168">
     <span class='ocr_line' id='line_1_9' title="bbox 241 899 2047 958; baseline 0.002 -12"><span class='ocrx_word' id='word_1_75' title='bbox 241 903 410 958; x_wconf 88' lang='lat' dir='ltr'>prefato</span> <span class='ocrx_word' id='word_1_76' title='bbox 437 899 651 955; x_wconf 88' lang='lat' dir='ltr'>magistro</span> <span class='ocrx_word' id='word_1_77' title='bbox 676 899 868 943; x_wconf 88' lang='lat' dir='ltr'>Ricardo</span> <span class='ocrx_word' id='word_1_78' title='bbox 892 907 934 943; x_wconf 87' lang='lat' dir='ltr'>et</span> <span class='ocrx_word' id='word_1_79' title='bbox 958 900 1049 942; x_wconf 92' lang='lat' dir='ltr'>suis</span> <span class='ocrx_word' id='word_1_80' title='bbox 1072 915 1145 943; x_wconf 91' lang='lat' dir='ltr'>ass</span> <span class='ocrx_word' id='word_1_81' title='bbox 1209 934 1217 942; x_wconf 90' lang='lat'><strong><em>.</em></strong></span> <span class='ocrx_word' id='word_1_82' title='bbox 1283 934 1291 942; x_wconf 94' lang='lat'><strong>.</strong></span> <span class='ocrx_word' id='word_1_83' title='bbox 1357 934 1365 943; x_wconf 88' lang='lat'><strong>.</strong></span> <span class='ocrx_word' id='word_1_84' title='bbox 1431 935 1440 944; x_wconf 87' lang='lat'><strong>.</strong></span> <span class='ocrx_word' id='word_1_85' title='bbox 1503 904 1555 945; x_wconf 92' lang='lat' dir='ltr'>de</span> <span class='ocrx_word' id='word_1_86' title='bbox 1578 903 1709 946; x_wconf 90' lang='grc'>(116115</span> <span class='ocrx_word' id='word_1_87' title='bbox 1731 905 1860 947; x_wconf 88' lang='lat' dir='ltr'>terris</span> <span class='ocrx_word' id='word_1_88' title='bbox 1883 907 2047 950; x_wconf 86' lang='lat' dir='ltr'>nostris</span> 
     </span>
     <span class='ocr_line' id='line_1_10' title="bbox 240 970 2047 1027; baseline 0.003 -12"><span class='ocrx_word' id='word_1_89' title='bbox 240 975 294 1016; x_wconf 90' lang='lat' dir='ltr'>de</span> <span class='ocrx_word' id='word_1_90' title='bbox 329 972 479 1015; x_wconf 88' lang='lat' dir='ltr'>futhes</span> <span class='ocrx_word' id='word_1_91' title='bbox 515 972 599 1026; x_wconf 89' lang='lat' dir='ltr'>beg</span> <span class='ocrx_word' id='word_1_92' title='bbox 634 976 677 1013; x_wconf 89' lang='lat' dir='ltr'>et</span> <span class='ocrx_word' id='word_1_93' title='bbox 713 970 863 1013; x_wconf 87' lang='lat' dir='ltr'>futhes</span> <span class='ocrx_word' id='word_1_94' title='bbox 927 1003 936 1013; x_wconf 85' lang='lat'><strong>.</strong></span> <span class='ocrx_word' id='word_1_95' title='bbox 1001 1004 1009 1012; x_wconf 92' lang='lat'>.</span> <span class='ocrx_word' id='word_1_96' title='bbox 1075 1004 1083 1013; x_wconf 82' lang='lat'><strong>.</strong></span> <span class='ocrx_word' id='word_1_97' title='bbox 1149 1004 1156 1012; x_wconf 97' lang='lat'>.</span> <span class='ocrx_word' id='word_1_98' title='bbox 1220 971 1418 1014; x_wconf 85' lang='lat' dir='ltr'>eiusdem</span> <span class='ocrx_word' id='word_1_99' title='bbox 1457 973 1615 1027; x_wconf 90' lang='lat' dir='ltr'>quibus</span> <span class='ocrx_word' id='word_1_100' title='bbox 1653 975 1706 1017; x_wconf 93' lang='lat' dir='ltr'>de</span> <span class='ocrx_word' id='word_1_101' title='bbox 1741 975 1958 1019; x_wconf 85' lang='lat' dir='ltr'>fructibus</span> <span class='ocrx_word' id='word_1_102' title='bbox 1994 979 2047 1020; x_wconf 92' lang='lat' dir='ltr'>de</span> 
     </span>
     <span class='ocr_line' id='line_1_11' title="bbox 239 1039 2048 1098; baseline 0.003 -13"><span class='ocrx_word' id='word_1_103' title='bbox 239 1042 446 1085; x_wconf 88' lang='lat' dir='ltr'>omnibus</span> <span class='ocrx_word' id='word_1_104' title='bbox 468 1041 568 1085; x_wconf 84' lang='lat' dir='ltr'>aliis</span> <span class='ocrx_word' id='word_1_105' title='bbox 583 1040 714 1083; x_wconf 86' lang='lat' dir='ltr'>terris</span> <span class='ocrx_word' id='word_1_106' title='bbox 735 1039 900 1083; x_wconf 90' lang='lat' dir='ltr'>nostris</span> <span class='ocrx_word' id='word_1_107' title='bbox 963 1074 971 1083; x_wconf 94' lang='lat'>.</span> <span class='ocrx_word' id='word_1_108' title='bbox 1037 1074 1045 1082; x_wconf 96' lang='lat'><em>.</em></span> <span class='ocrx_word' id='word_1_109' title='bbox 1111 1074 1119 1083; x_wconf 87' lang='lat'><strong>.</strong></span> <span class='ocrx_word' id='word_1_110' title='bbox 1185 1074 1192 1082; x_wconf 96' lang='lat'>.</span> <span class='ocrx_word' id='word_1_111' title='bbox 1255 1042 1404 1084; x_wconf 87' lang='lat' dir='ltr'>futhes</span> <span class='ocrx_word' id='word_1_112' title='bbox 1426 1057 1528 1086; x_wconf 89' lang='lat' dir='ltr'>cum</span> <span class='ocrx_word' id='word_1_113' title='bbox 1550 1044 1837 1098; x_wconf 81' lang='lat' dir='ltr'>pertinenciis</span> <span class='ocrx_word' id='word_1_114' title='bbox 1859 1048 1914 1090; x_wconf 91' lang='lat' dir='ltr'>ad</span> <span class='ocrx_word' id='word_1_115' title='bbox 1937 1048 2048 1090; x_wconf 94' lang='lat' dir='ltr'>duos</span> 
     </span>
     <span class='ocr_line' id='line_1_12' title="bbox 239 1111 2045 1168; baseline 0.002 -12"><span class='ocrx_word' id='word_1_116' title='bbox 239 1111 344 1156; x_wconf 85' lang='lat' dir='ltr'>anni</span> <span class='ocrx_word' id='word_1_117' title='bbox 367 1111 582 1156; x_wconf 89' lang='lat' dir='ltr'>terminos</span> <span class='ocrx_word' id='word_1_118' title='bbox 599 1125 709 1155; x_wconf 89' lang='lat' dir='ltr'>vsua</span> <span class='ocrx_word' id='word_1_119' title='bbox 772 1144 781 1154; x_wconf 87' lang='grc'><strong>.</strong></span> <span class='ocrx_word' id='word_1_120' title='bbox 846 1144 854 1154; x_wconf 91' lang='grc'><strong>.</strong></span> <span class='ocrx_word' id='word_1_121' title='bbox 921 1144 928 1154; x_wconf 94' lang='grc'>.</span> <span class='ocrx_word' id='word_1_122' title='bbox 994 1144 1002 1154; x_wconf 85' lang='lat'><em>.</em></span> <span class='ocrx_word' id='word_1_123' title='bbox 1066 1125 1143 1167; x_wconf 92' lang='lat' dir='ltr'>per</span> <span class='ocrx_word' id='word_1_124' title='bbox 1161 1112 1342 1166; x_wconf 81' lang='lat' dir='ltr'>equales</span> <span class='ocrx_word' id='word_1_125' title='bbox 1360 1112 1586 1168; x_wconf 89' lang='lat' dir='ltr'>portiones</span> <span class='ocrx_word' id='word_1_126' title='bbox 1604 1116 1714 1158; x_wconf 90' lang='lat' dir='ltr'>adeo</span> <span class='ocrx_word' id='word_1_127' title='bbox 1733 1116 1868 1159; x_wconf 87' lang='lat' dir='ltr'>libere</span> <span class='ocrx_word' id='word_1_128' title='bbox 1918 1150 1927 1159; x_wconf 87' lang='lat'>.</span> <span class='ocrx_word' id='word_1_129' title='bbox 1977 1150 1986 1160; x_wconf 91' lang='lat'><strong>.</strong></span> <span class='ocrx_word' id='word_1_130' title='bbox 2037 1151 2045 1160; x_wconf 93' lang='lat'><strong>.</strong></span> 
     </span>
    </p>
   </div>
   <div class='ocr_carea' id='block_1_4' title="bbox 890 1239 1394 1297">
    <p class='ocr_par' dir='ltr' id='par_1_4' title="bbox 890 1239 1394 1297">
     <span class='ocr_line' id='line_1_13' title="bbox 890 1239 1394 1297; baseline 0.002 -15"><span class='ocrx_word' id='word_1_131' title='bbox 890 1239 1145 1283; x_wconf 77' lang='lat' dir='ltr'>Intermedia</span> <span class='ocrx_word' id='word_1_132' title='bbox 1165 1244 1265 1297; x_wconf 76' lang='lat' dir='ltr'>pars</span> <span class='ocrx_word' id='word_1_133' title='bbox 1291 1240 1394 1283; x_wconf 78' lang='lat' dir='ltr'>deest</span> 
     </span>
    </p>
   </div>
   <div class='ocr_carea' id='block_1_5' title="bbox 225 1380 2045 2992">
    <p class='ocr_par' dir='ltr' id='par_1_5' title="bbox 228 1380 2045 2836">
     <span class='ocr_line' id='line_1_14' title="bbox 239 1380 2045 1429; baseline 0.003 -5"><span class='ocrx_word' id='word_1_134' title='bbox 239 1414 983 1425; x_wconf 86' lang='grc'><strong>...........</strong></span> <span class='ocrx_word' id='word_1_135' title='bbox 1027 1380 1258 1424; x_wconf 89' lang='lat' dir='ltr'>denarium</span> <span class='ocrx_word' id='word_1_136' title='bbox 1282 1380 1561 1424; x_wconf 85' lang='lat' dir='ltr'>scoticanum</span> <span class='ocrx_word' id='word_1_137' title='bbox 1585 1381 1764 1425; x_wconf 90' lang='lat' dir='ltr'>nomine</span> <span class='ocrx_word' id='word_1_138' title='bbox 1787 1384 1885 1427; x_wconf 86' lang='lat' dir='ltr'>albe</span> <span class='ocrx_word' id='word_1_139' title='bbox 1907 1384 2045 1429; x_wconf 87' lang='lat' dir='ltr'>ferme</span> 
     </span>
     <span class='ocr_line' id='line_1_15' title="bbox 237 1451 2042 1508; baseline 0.003 -13"><span class='ocrx_word' id='word_1_140' title='bbox 237 1484 1276 1495; x_wconf 87' lang='grc'><strong>...............</strong></span> <span class='ocrx_word' id='word_1_141' title='bbox 1337 1453 1390 1494; x_wconf 93' lang='grc'>(16</span> <span class='ocrx_word' id='word_1_142' title='bbox 1411 1451 1561 1494; x_wconf 90' lang='lat' dir='ltr'>futhes</span> <span class='ocrx_word' id='word_1_143' title='bbox 1583 1451 1619 1494; x_wconf 90' lang='lat' dir='ltr'>si</span> <span class='ocrx_word' id='word_1_144' title='bbox 1642 1458 1822 1508; x_wconf 86' lang='lat' dir='ltr'>petatur</span> <span class='ocrx_word' id='word_1_145' title='bbox 1843 1454 2042 1500; x_wconf 91' lang='lat' dir='ltr'>Tantum</span> 
     </span>
     <span class='ocr_line' id='line_1_16' title="bbox 237 1522 2042 1571; baseline 0.003 -7"><span class='ocrx_word' id='word_1_146' title='bbox 237 1555 1277 1565; x_wconf 85' lang='lat'><strong>...............</strong></span> <span class='ocrx_word' id='word_1_147' title='bbox 1335 1524 1389 1566; x_wconf 93' lang='lat' dir='ltr'>de</span> <span class='ocrx_word' id='word_1_148' title='bbox 1411 1522 1530 1566; x_wconf 90' lang='grc'>(11610</span> <span class='ocrx_word' id='word_1_149' title='bbox 1554 1537 1704 1566; x_wconf 92' lang='lat' dir='ltr'>annuo</span> <span class='ocrx_word' id='word_1_150' title='bbox 1726 1525 1900 1569; x_wconf 90' lang='lat' dir='ltr'>redditu</span> <span class='ocrx_word' id='word_1_151' title='bbox 1923 1527 2042 1571; x_wconf 85' lang='lat' dir='ltr'>exitu</span> 
     </span>
     <span class='ocr_line' id='line_1_17' title="bbox 236 1592 2044 1652; baseline 0.002 -16"><span class='ocrx_word' id='word_1_152' title='bbox 236 1625 1204 1636; x_wconf 87' lang='grc'><strong>..............</strong></span> <span class='ocrx_word' id='word_1_153' title='bbox 1275 1592 1494 1636; x_wconf 90' lang='lat' dir='ltr'>Willelmi</span> <span class='ocrx_word' id='word_1_154' title='bbox 1520 1593 1706 1637; x_wconf 91' lang='lat' dir='ltr'>heredes</span> <span class='ocrx_word' id='word_1_155' title='bbox 1729 1600 1771 1637; x_wconf 91' lang='lat' dir='ltr'>et</span> <span class='ocrx_word' id='word_1_156' title='bbox 1796 1595 1882 1638; x_wconf 91' lang='lat' dir='ltr'>mei</span> <span class='ocrx_word' id='word_1_157' title='bbox 1905 1596 2044 1652; x_wconf 87' lang='lat' dir='ltr'>assig-</span> 
     </span>
     <span class='ocr_line' id='line_1_18' title="bbox 235 1664 2043 1710; baseline 0.002 -3"><span class='ocrx_word' id='word_1_158' title='bbox 235 1696 1202 1707; x_wconf 90' lang='grc'><strong>..............</strong></span> <span class='ocrx_word' id='word_1_159' title='bbox 1272 1669 1315 1707; x_wconf 89' lang='grc'>61</span> <span class='ocrx_word' id='word_1_160' title='bbox 1337 1664 1488 1707; x_wconf 88' lang='lat' dir='ltr'>futhes</span> <span class='ocrx_word' id='word_1_161' title='bbox 1514 1678 1636 1707; x_wconf 87' lang='lat' dir='ltr'>more</span> <span class='ocrx_word' id='word_1_162' title='bbox 1659 1679 1763 1707; x_wconf 91' lang='lat' dir='ltr'>curn</span> <span class='ocrx_word' id='word_1_163' title='bbox 1787 1665 2043 1710; x_wconf 91' lang='lat' dir='ltr'>molendino</span> 
     </span>
     <span class='ocr_line' id='line_1_19' title="bbox 234 1734 2042 1793; baseline 0.002 -17"><span class='ocrx_word' id='word_1_164' title='bbox 234 1766 1348 1776; x_wconf 84' lang='lat'><strong>................</strong></span> <span class='ocrx_word' id='word_1_165' title='bbox 1413 1735 1466 1777; x_wconf 91' lang='lat' dir='ltr'>de</span> <span class='ocrx_word' id='word_1_166' title='bbox 1489 1734 1639 1777; x_wconf 88' lang='lat' dir='ltr'>futhes</span> <span class='ocrx_word' id='word_1_167' title='bbox 1661 1749 1942 1790; x_wconf 85' lang='lat' dir='ltr'>possessores</span> <span class='ocrx_word' id='word_1_168' title='bbox 1964 1752 2042 1793; x_wconf 92' lang='lat' dir='ltr'>pro</span> 
     </span>
     <span class='ocr_line' id='line_1_20' title="bbox 234 1804 2041 1860; baseline 0.003 -15"><span class='ocrx_word' id='word_1_169' title='bbox 234 1836 1348 1846; x_wconf 89' lang='grc'><strong>................</strong></span> <span class='ocrx_word' id='word_1_170' title='bbox 1425 1805 1518 1848; x_wconf 87' lang='lat' dir='ltr'>fato</span> <span class='ocrx_word' id='word_1_171' title='bbox 1541 1804 1757 1860; x_wconf 88' lang='lat' dir='ltr'>magistro</span> <span class='ocrx_word' id='word_1_172' title='bbox 1782 1806 1975 1851; x_wconf 90' lang='lat' dir='ltr'>Ricardo</span> <span class='ocrx_word' id='word_1_173' title='bbox 1998 1814 2041 1852; x_wconf 92' lang='lat' dir='ltr'>et</span> 
     </span>
     <span class='ocr_line' id='line_1_21' title="bbox 233 1875 2041 1922; baseline 0.003 -6"><span class='ocrx_word' id='word_1_174' title='bbox 233 1907 1347 1917; x_wconf 85' lang='grc'><strong>................</strong></span> <span class='ocrx_word' id='word_1_175' title='bbox 1390 1875 1568 1919; x_wconf 88' lang='lat' dir='ltr'>habitas</span> <span class='ocrx_word' id='word_1_176' title='bbox 1590 1882 1633 1919; x_wconf 88' lang='lat' dir='ltr'>et</span> <span class='ocrx_word' id='word_1_177' title='bbox 1656 1875 1887 1921; x_wconf 90' lang='lat' dir='ltr'>habendas</span> <span class='ocrx_word' id='word_1_178' title='bbox 1909 1880 2041 1922; x_wconf 90' lang='lat' dir='ltr'>modo</span> 
     </span>
     <span class='ocr_line' id='line_1_22' title="bbox 232 1945 2040 2002; baseline 0.002 -14"><span class='ocrx_word' id='word_1_179' title='bbox 232 1978 240 1988; x_wconf 89' lang='lat'>.</span> <span class='ocrx_word' id='word_1_180' title='bbox 279 1990 287 1998; x_wconf 64' lang='lat'>‚</span> <span class='ocrx_word' id='word_1_181' title='bbox 306 1977 1126 1988; x_wconf 86' lang='grc'><strong>............</strong></span> <span class='ocrx_word' id='word_1_182' title='bbox 1199 1945 1617 1990; x_wconf 82' lang='lat' dir='ltr'>warrantizabimus</span> <span class='ocrx_word' id='word_1_183' title='bbox 1643 1946 1975 2002; x_wconf 87' lang='lat' dir='ltr'>aequitabimus</span> <span class='ocrx_word' id='word_1_184' title='bbox 1998 1955 2040 1992; x_wconf 92' lang='lat' dir='ltr'>et</span> 
     </span>
     <span class='ocr_line' id='line_1_23' title="bbox 231 2005 2041 2073; baseline 0.003 -17"><span class='ocrx_word' id='word_1_185' title='bbox 231 2047 1198 2058; x_wconf 90' lang='grc'><strong>..............</strong></span> <span class='ocrx_word' id='word_1_186' title='bbox 1200 2005 1203 2008; x_wconf 42' lang='grc'><strong><em>’</em></strong></span> <span class='ocrx_word' id='word_1_187' title='bbox 1263 2050 1272 2058; x_wconf 89' lang='grc'><strong>.</strong></span> <span class='ocrx_word' id='word_1_188' title='bbox 1337 2049 1345 2058; x_wconf 92' lang='grc'><strong>.</strong></span> <span class='ocrx_word' id='word_1_189' title='bbox 1412 2050 1420 2059; x_wconf 94' lang='grc'>.</span> <span class='ocrx_word' id='word_1_190' title='bbox 1485 2049 1495 2059; x_wconf 93' lang='grc'><strong><em>.</em></strong></span> <span class='ocrx_word' id='word_1_191' title='bbox 1576 2016 1680 2060; x_wconf 84' lang='grc'>111116</span> <span class='ocrx_word' id='word_1_192' title='bbox 1702 2018 1897 2073; x_wconf 83' lang='lat' dir='ltr'>presenti</span> <span class='ocrx_word' id='word_1_193' title='bbox 1920 2026 2041 2063; x_wconf 89' lang='lat' dir='ltr'>carte</span> 
     </span>
     <span class='ocr_line' id='line_1_24' title="bbox 231 2086 2040 2133; baseline 0.004 -8"><span class='ocrx_word' id='word_1_194' title='bbox 231 2115 1422 2129; x_wconf 87' lang='grc'><strong>.................</strong></span> <span class='ocrx_word' id='word_1_195' title='bbox 1477 2086 1708 2130; x_wconf 89' lang='lat' dir='ltr'>Februarii</span> <span class='ocrx_word' id='word_1_196' title='bbox 1731 2102 1849 2132; x_wconf 91' lang='lat' dir='ltr'>anno</span> <span class='ocrx_word' id='word_1_197' title='bbox 1871 2089 2040 2133; x_wconf 88' lang='lat' dir='ltr'>domini</span> 
     </span>
     <span class='ocr_line' id='line_1_25' title="bbox 232 2157 2039 2215; baseline 0.004 -20"><span class='ocrx_word' id='word_1_198' title='bbox 232 2186 1420 2199; x_wconf 85' lang='lat'><strong>.................</strong></span> <span class='ocrx_word' id='word_1_199' title='bbox 1482 2157 1629 2200; x_wconf 83' lang='lat' dir='ltr'>sorbes</span> <span class='ocrx_word' id='word_1_200' title='bbox 1651 2165 1803 2202; x_wconf 88' lang='lat' dir='ltr'>nostro</span> <span class='ocrx_word' id='word_1_201' title='bbox 1825 2174 2039 2215; x_wconf 85' lang='lat' dir='ltr'>germano</span> 
     </span>
     <span class='ocr_line' id='line_1_26' title="bbox 231 2227 2039 2286; baseline 0.006 -22"><span class='ocrx_word' id='word_1_202' title='bbox 231 2256 1422 2269; x_wconf 90' lang='grc'><strong>.................</strong></span> <span class='ocrx_word' id='word_1_203' title='bbox 1461 2227 1702 2272; x_wconf 87' lang='lat' dir='ltr'>alexandro</span> <span class='ocrx_word' id='word_1_204' title='bbox 1725 2229 1837 2286; x_wconf 93' lang='lat' dir='ltr'>lesly</span> <span class='ocrx_word' id='word_1_205' title='bbox 1858 2231 2039 2275; x_wconf 92' lang='lat' dir='ltr'>domino</span> 
     </span>
     <span class='ocr_line' id='line_1_27' title="bbox 232 2298 2039 2347; baseline 0.007 -12"><span class='ocrx_word' id='word_1_206' title='bbox 232 2326 1348 2339; x_wconf 86' lang='grc'><strong>................</strong></span> <span class='ocrx_word' id='word_1_207' title='bbox 1430 2298 1576 2342; x_wconf 85' lang='lat' dir='ltr'>sorbes</span> <span class='ocrx_word' id='word_1_208' title='bbox 1601 2299 1848 2344; x_wconf 90' lang='lat' dir='ltr'>dauidsone</span> <span class='ocrx_word' id='word_1_209' title='bbox 1874 2303 2039 2347; x_wconf 89' lang='lat' dir='ltr'>andrea</span> 
     </span>
     <span class='ocr_line' id='line_1_28' title="bbox 231 2369 2040 2427; baseline 0.007 -23"><span class='ocrx_word' id='word_1_210' title='bbox 231 2394 1421 2410; x_wconf 87' lang='grc'><strong>.................</strong></span> <span class='ocrx_word' id='word_1_211' title='bbox 1460 2369 1514 2412; x_wconf 83' lang='grc'>(16</span> <span class='ocrx_word' id='word_1_212' title='bbox 1537 2369 1737 2425; x_wconf 87' lang='lat' dir='ltr'>cragiver</span> <span class='ocrx_word' id='word_1_213' title='bbox 1758 2377 1801 2414; x_wconf 88' lang='lat' dir='ltr'>et</span> <span class='ocrx_word' id='word_1_214' title='bbox 1825 2372 2040 2427; x_wconf 88' lang='lat' dir='ltr'>magistro</span> 
     </span>
     <span class='ocr_line' id='line_1_29' title="bbox 231 2437 2040 2493; baseline 0.006 -19"><span class='ocrx_word' id='word_1_215' title='bbox 231 2464 1126 2479; x_wconf 83' lang='lat'><strong>.............</strong></span> <span class='ocrx_word' id='word_1_216' title='bbox 1162 2437 1339 2493; x_wconf 90' lang='lat' dir='ltr'>publico</span> <span class='ocrx_word' id='word_1_217' title='bbox 1362 2452 1464 2482; x_wconf 91' lang='lat' dir='ltr'>cum</span> <span class='ocrx_word' id='word_1_218' title='bbox 1488 2440 1643 2482; x_wconf 88' lang='lat' dir='ltr'>multis</span> <span class='ocrx_word' id='word_1_219' title='bbox 1665 2440 1765 2484; x_wconf 91' lang='lat' dir='ltr'>aliis</span> <span class='ocrx_word' id='word_1_220' title='bbox 1788 2447 1831 2484; x_wconf 91' lang='lat' dir='ltr'>et</span> <span class='ocrx_word' id='word_1_221' title='bbox 1854 2441 2040 2486; x_wconf 89' lang='lat' dir='ltr'>diversis</span> 
     </span>
     <span class='ocr_line' id='line_1_30' title="bbox 231 2508 2040 2565; baseline 0.006 -21"><span class='ocrx_word' id='word_1_222' title='bbox 231 2535 1274 2550; x_wconf 90' lang='grc'><strong>...............</strong></span> <span class='ocrx_word' id='word_1_223' title='bbox 1331 2508 1439 2552; x_wconf 86' lang='grc'>(11611</span> <span class='ocrx_word' id='word_1_224' title='bbox 1462 2509 1666 2565; x_wconf 84' lang='lat' dir='ltr'>magistri</span> <span class='ocrx_word' id='word_1_225' title='bbox 1691 2510 1872 2554; x_wconf 87' lang='lat' dir='ltr'>Ricardi</span> <span class='ocrx_word' id='word_1_226' title='bbox 1894 2511 2040 2555; x_wconf 86' lang='lat' dir='ltr'>sorbes</span> 
     </span>
     <span class='ocr_line' id='line_1_31' title="bbox 230 2579 2040 2626; baseline 0.007 -12"><span class='ocrx_word' id='word_1_227' title='bbox 230 2603 1346 2621; x_wconf 86' lang='grc'><strong>................</strong></span> <span class='ocrx_word' id='word_1_228' title='bbox 1408 2585 1524 2623; x_wconf 80' lang='lat' dir='ltr'>rtam</span> <span class='ocrx_word' id='word_1_229' title='bbox 1543 2579 1704 2623; x_wconf 90' lang='lat' dir='ltr'>visuris</span> <span class='ocrx_word' id='word_1_230' title='bbox 1726 2582 1797 2624; x_wconf 87' lang='lat' dir='ltr'>uel</span> <span class='ocrx_word' id='word_1_231' title='bbox 1820 2582 2040 2626; x_wconf 88' lang='lat' dir='ltr'>audituris</span> 
     </span>
     <span class='ocr_line' id='line_1_32' title="bbox 230 2650 2039 2709; baseline 0.007 -26"><span class='ocrx_word' id='word_1_232' title='bbox 230 2674 1422 2692; x_wconf 90' lang='grc'><strong>.................</strong></span> <span class='ocrx_word' id='word_1_233' title='bbox 1461 2650 1655 2694; x_wconf 90' lang='lat' dir='ltr'>salutern</span> <span class='ocrx_word' id='word_1_234' title='bbox 1679 2651 1845 2695; x_wconf 90' lang='lat' dir='ltr'>Sciatis</span> <span class='ocrx_word' id='word_1_235' title='bbox 1867 2667 1938 2696; x_wconf 88' lang='lat' dir='ltr'>me</span> <span class='ocrx_word' id='word_1_236' title='bbox 1960 2667 2039 2709; x_wconf 88' lang='lat' dir='ltr'>pro</span> 
     </span>
     <span class='ocr_line' id='line_1_33' title="bbox 229 2719 2039 2777; baseline 0.007 -23"><span class='ocrx_word' id='word_1_237' title='bbox 229 2745 1126 2761; x_wconf 82' lang='grc'><strong>.............</strong></span> <span class='ocrx_word' id='word_1_238' title='bbox 1161 2719 1345 2763; x_wconf 89' lang='lat' dir='ltr'>secundi</span> <span class='ocrx_word' id='word_1_239' title='bbox 1368 2725 1412 2764; x_wconf 87' lang='lat' dir='ltr'>et</span> <span class='ocrx_word' id='word_1_240' title='bbox 1436 2720 1578 2764; x_wconf 88' lang='lat' dir='ltr'>Marie</span> <span class='ocrx_word' id='word_1_241' title='bbox 1598 2721 1770 2777; x_wconf 88' lang='lat' dir='ltr'>Regine</span> <span class='ocrx_word' id='word_1_242' title='bbox 1793 2723 2039 2766; x_wconf 86' lang='lat' dir='ltr'>consoralis</span> 
     </span>
     <span class='ocr_line' id='line_1_34' title="bbox 228 2787 2039 2836; baseline 0.007 -12"><span class='ocrx_word' id='word_1_243' title='bbox 228 2815 755 2829; x_wconf 85' lang='lat'><strong>........</strong></span> <span class='ocrx_word' id='word_1_244' title='bbox 824 2787 920 2831; x_wconf 89' lang='lat' dir='ltr'>uiro</span> <span class='ocrx_word' id='word_1_245' title='bbox 942 2788 1182 2833; x_wconf 85' lang='lat' dir='ltr'>Alexandri</span> <span class='ocrx_word' id='word_1_246' title='bbox 1206 2796 1393 2834; x_wconf 89' lang='lat' dir='ltr'>setoune</span> <span class='ocrx_word' id='word_1_247' title='bbox 1415 2790 1594 2834; x_wconf 88' lang='lat' dir='ltr'>comitis</span> <span class='ocrx_word' id='word_1_248' title='bbox 1615 2792 1669 2835; x_wconf 93' lang='lat' dir='ltr'>de</span> <span class='ocrx_word' id='word_1_249' title='bbox 1692 2791 1848 2836; x_wconf 87' lang='lat' dir='ltr'>huntle</span> <span class='ocrx_word' id='word_1_250' title='bbox 1870 2792 2039 2836; x_wconf 90' lang='lat' dir='ltr'>domini</span> 
     </span>
    </p>

    <p class='ocr_par' dir='ltr' id='par_1_6' title="bbox 225 2856 2039 2992">
     <span class='ocr_line' id='line_1_35' title="bbox 448 2856 2039 2912; baseline 0.006 -15"><span class='ocrx_word' id='word_1_251' title='bbox 448 2887 456 2896; x_wconf 97' lang='lat'>.</span> <span class='ocrx_word' id='word_1_252' title='bbox 521 2856 767 2912; x_wconf 89' lang='lat' dir='ltr'>Badynach</span> <span class='ocrx_word' id='word_1_253' title='bbox 790 2863 834 2901; x_wconf 88' lang='lat' dir='ltr'>et</span> <span class='ocrx_word' id='word_1_254' title='bbox 856 2858 1006 2902; x_wconf 90' lang='lat' dir='ltr'>anime</span> <span class='ocrx_word' id='word_1_255' title='bbox 1030 2859 1268 2904; x_wconf 83' lang='lat' dir='ltr'>Elizabeth</span> <span class='ocrx_word' id='word_1_256' title='bbox 1292 2861 1505 2905; x_wconf 87' lang='lat' dir='ltr'>comtisse</span> <span class='ocrx_word' id='word_1_257' title='bbox 1526 2861 1677 2905; x_wconf 87' lang='lat' dir='ltr'>uxoris</span> <span class='ocrx_word' id='word_1_258' title='bbox 1699 2876 1778 2906; x_wconf 89' lang='lat' dir='ltr'>sue</span> <span class='ocrx_word' id='word_1_259' title='bbox 1799 2862 2039 2906; x_wconf 84' lang='lat' dir='ltr'>Alexandri</span> 
     </span>
     <span class='ocr_line' id='line_1_36' title="bbox 225 2923 2039 2992; baseline 0.006 -26"><span class='ocrx_word' id='word_1_260' title='bbox 225 2924 277 2967; x_wconf 91' lang='lat' dir='ltr'>de</span> <span class='ocrx_word' id='word_1_261' title='bbox 311 2923 456 2968; x_wconf 81' lang='lat' dir='ltr'>sorbes</span> <span class='ocrx_word' id='word_1_262' title='bbox 497 2926 550 2969; x_wconf 92' lang='lat' dir='ltr'>de</span> <span class='ocrx_word' id='word_1_263' title='bbox 592 2928 746 2970; x_wconf 88' lang='lat' dir='ltr'>eodem</span> <span class='ocrx_word' id='word_1_264' title='bbox 789 2928 1075 2985; x_wconf 81' lang='lat' dir='ltr'>parliamenti</span> <span class='ocrx_word' id='word_1_265' title='bbox 1118 2930 1286 2975; x_wconf 88' lang='lat' dir='ltr'>domini</span> <span class='ocrx_word' id='word_1_266' title='bbox 1328 2931 1458 2990; x_wconf 89' lang='lat' dir='ltr'>primi</span> <span class='ocrx_word' id='word_1_267' title='bbox 1500 2933 1554 2977; x_wconf 88' lang='lat' dir='ltr'>de</span> <span class='ocrx_word' id='word_1_268' title='bbox 1594 2932 1740 2977; x_wconf 82' lang='lat' dir='ltr'>sorbes</span> <span class='ocrx_word' id='word_1_269' title='bbox 1776 2931 1908 2992; x_wconf 86' lang='lat' dir='ltr'>prisci</span> <span class='ocrx_word' id='word_1_270' title='bbox 1952 2931 2039 2978; x_wconf 86' lang='lat' dir='ltr'>mei</span> 
     </span>
    </p>
   </div>
   <div class='ocr_carea' id='block_1_6' title="bbox 2076 1394 2196 1428">
    <p class='ocr_par' dir='ltr' id='par_1_7' title="bbox 2076 1394 2196 1428">
     <span class='ocr_line' id='line_1_37' title="bbox 2076 1394 2196 1428; baseline 0.017 -2"><span class='ocrx_word' id='word_1_271' title='bbox 2076 1394 2132 1427; x_wconf 85' lang='lat' dir='ltr'>fol.</span> <span class='ocrx_word' id='word_1_272' title='bbox 2153 1394 2196 1428; x_wconf 80' lang='lat'>9²</span> 
     </span>
    </p>
   </div>
  </div>
 </body>
</html>
