<?xml version="1.0" encoding="UTF-8"?>
<!DOCTYPE html PUBLIC "-//W3C//DTD XHTML 1.0 Transitional//EN"
    "http://www.w3.org/TR/xhtml1/DTD/xhtml1-transitional.dtd">
<html xmlns="http://www.w3.org/1999/xhtml" xml:lang="en" lang="en">
 <head>
  <title>
</title>
<meta http-equiv="Content-Type" content="text/html;charset=utf-8" />
  <meta name='ocr-system' content='tesseract 3.04.00' />
  <meta name='ocr-capabilities' content='ocr_page ocr_carea ocr_par ocr_line ocrx_word'/>
</head>
<body>
  <div class='ocr_page' id='page_1' title='image "./cartulariumeccle01sainuoft_0166.png"; bbox 0 0 2524 3418; ppageno 0'>
   <div class='ocr_carea' id='block_1_1' title="bbox 202 983 336 1015">
    <p class='ocr_par' dir='ltr' id='par_1_1' title="bbox 202 983 336 1015">
     <span class='ocr_line' id='line_1_1' title="bbox 202 983 336 1015; baseline 0.007 -1"><span class='ocrx_word' id='word_1_1' title='bbox 202 984 258 1015; x_wconf 87' lang='lat' dir='ltr'>sol.</span> <span class='ocrx_word' id='word_1_2' title='bbox 273 986 310 1015; x_wconf 72' lang='lat'>54</span> <span class='ocrx_word' id='word_1_3' title='bbox 325 983 336 1002; x_wconf 77' lang='lat'><em>²</em></span> 
     </span>
    </p>
   </div>
   <div class='ocr_carea' id='block_1_2' title="bbox 507 313 1654 366">
    <p class='ocr_par' dir='ltr' id='par_1_2' title="bbox 507 313 1654 366">
     <span class='ocr_line' id='line_1_2' title="bbox 507 313 1654 366; baseline 0.002 -13"><span class='ocrx_word' id='word_1_4' title='bbox 507 325 585 366; x_wconf 78' lang='lat'>134</span> <span class='ocrx_word' id='word_1_5' title='bbox 1148 313 1333 355; x_wconf 81' lang='lat' dir='ltr'>Donatio</span> <span class='ocrx_word' id='word_1_6' title='bbox 1364 314 1493 355; x_wconf 79' lang='lat' dir='ltr'>thome</span> <span class='ocrx_word' id='word_1_7' title='bbox 1530 315 1654 356; x_wconf 83' lang='lat' dir='ltr'>Waus</span> 
     </span>
    </p>
   </div>
   <div class='ocr_carea' id='block_1_3' title="bbox 497 427 2302 2232">
    <p class='ocr_par' dir='ltr' id='par_1_3' title="bbox 497 427 2302 2232">
     <span class='ocr_line' id='line_1_3' title="bbox 504 427 2301 484; baseline 0.001 -15"><span class='ocrx_word' id='word_1_8' title='bbox 504 434 671 469; x_wconf 89' lang='lat' dir='ltr'>trorum</span> <span class='ocrx_word' id='word_1_9' title='bbox 706 427 1079 469; x_wconf 82' lang='lat' dir='ltr'>sustentationem</span> <span class='ocrx_word' id='word_1_10' title='bbox 1112 427 1315 470; x_wconf 80' lang='lat' dir='ltr'>videlicet</span> <span class='ocrx_word' id='word_1_11' title='bbox 1348 427 1504 482; x_wconf 83' lang='lat' dir='ltr'>viginti</span> <span class='ocrx_word' id='word_1_12' title='bbox 1543 428 1676 470; x_wconf 90' lang='lat' dir='ltr'>libras</span> <span class='ocrx_word' id='word_1_13' title='bbox 1713 427 1757 469; x_wconf 89' lang='lat' dir='ltr'>in</span> <span class='ocrx_word' id='word_1_14' title='bbox 1790 442 1896 471; x_wconf 88' lang='lat' dir='ltr'>auro</span> <span class='ocrx_word' id='word_1_15' title='bbox 1928 434 1970 470; x_wconf 89' lang='lat' dir='ltr'>et</span> <span class='ocrx_word' id='word_1_16' title='bbox 2004 435 2188 483; x_wconf 86' lang='lat' dir='ltr'>argento</span> <span class='ocrx_word' id='word_1_17' title='bbox 2225 443 2301 484; x_wconf 91' lang='lat' dir='ltr'>per</span> 
     </span>
     <span class='ocr_line' id='line_1_4' title="bbox 505 495 2300 552; baseline 0.001 -14"><span class='ocrx_word' id='word_1_18' title='bbox 505 511 666 538; x_wconf 90' lang='lat' dir='ltr'>manus</span> <span class='ocrx_word' id='word_1_19' title='bbox 688 496 953 538; x_wconf 83' lang='lat' dir='ltr'>venerabilis</span> <span class='ocrx_word' id='word_1_20' title='bbox 975 495 1054 536; x_wconf 87' lang='lat' dir='ltr'>viri</span> <span class='ocrx_word' id='word_1_21' title='bbox 1078 495 1243 550; x_wconf 90' lang='lat' dir='ltr'>dominj</span> <span class='ocrx_word' id='word_1_22' title='bbox 1270 496 1402 538; x_wconf 88' lang='lat' dir='ltr'>dauid</span> <span class='ocrx_word' id='word_1_23' title='bbox 1426 497 1570 539; x_wconf 89' lang='lat' dir='ltr'>Waus</span> <span class='ocrx_word' id='word_1_24' title='bbox 1601 496 1749 538; x_wconf 83' lang='lat' dir='ltr'>fratris</span> <span class='ocrx_word' id='word_1_25' title='bbox 1780 497 1977 552; x_wconf 86' lang='lat' dir='ltr'>germanj</span> <span class='ocrx_word' id='word_1_26' title='bbox 2003 497 2300 551; x_wconf 86' lang='lat' dir='ltr'>prenominati</span> 
     </span>
     <span class='ocr_line' id='line_1_5' title="bbox 504 563 2302 620; baseline 0.001 -13"><span class='ocrx_word' id='word_1_27' title='bbox 504 566 655 607; x_wconf 89' lang='lat' dir='ltr'>thome</span> <span class='ocrx_word' id='word_1_28' title='bbox 679 572 720 606; x_wconf 89' lang='lat' dir='ltr'>et</span> <span class='ocrx_word' id='word_1_29' title='bbox 743 564 872 606; x_wconf 78' lang='lat' dir='ltr'>vnius</span> <span class='ocrx_word' id='word_1_30' title='bbox 894 570 1180 606; x_wconf 76' lang='lat' dir='ltr'>executorum</span> <span class='ocrx_word' id='word_1_31' title='bbox 1214 563 1411 606; x_wconf 87' lang='lat' dir='ltr'>eiusdem</span> <span class='ocrx_word' id='word_1_32' title='bbox 1435 563 1479 606; x_wconf 92' lang='lat' dir='ltr'>in</span> <span class='ocrx_word' id='word_1_33' title='bbox 1502 564 1698 620; x_wconf 91' lang='lat' dir='ltr'>capitulo</span> <span class='ocrx_word' id='word_1_34' title='bbox 1730 564 1847 607; x_wconf 89' lang='lat' dir='ltr'>dicte</span> <span class='ocrx_word' id='word_1_35' title='bbox 1878 565 2064 608; x_wconf 88' lang='lat' dir='ltr'>ecclesie</span> <span class='ocrx_word' id='word_1_36' title='bbox 2095 565 2302 610; x_wconf 90' lang='lat' dir='ltr'>omnibus</span> 
     </span>
     <span class='ocr_line' id='line_1_6' title="bbox 503 633 2300 690; baseline 0.001 -13"><span class='ocrx_word' id='word_1_37' title='bbox 503 634 747 690; x_wconf 91' lang='lat' dir='ltr'>capellanis</span> <span class='ocrx_word' id='word_1_38' title='bbox 769 633 890 676; x_wconf 91' lang='lat' dir='ltr'>chori</span> <span class='ocrx_word' id='word_1_39' title='bbox 914 633 1218 688; x_wconf 81' lang='lat' dir='ltr'>capitulariter</span> <span class='ocrx_word' id='word_1_40' title='bbox 1239 634 1521 690; x_wconf 89' lang='lat' dir='ltr'>congregatis</span> <span class='ocrx_word' id='word_1_41' title='bbox 1554 636 1614 678; x_wconf 88' lang='lat' dir='ltr'>Et</span> <span class='ocrx_word' id='word_1_42' title='bbox 1646 635 1814 678; x_wconf 89' lang='lat' dir='ltr'>dictum</span> <span class='ocrx_word' id='word_1_43' title='bbox 1848 649 2046 679; x_wconf 91' lang='lat' dir='ltr'>annuum</span> <span class='ocrx_word' id='word_1_44' title='bbox 2078 636 2300 679; x_wconf 90' lang='lat' dir='ltr'>redditum</span> 
     </span>
     <span class='ocr_line' id='line_1_7' title="bbox 502 703 2301 762; baseline 0.001 -14"><span class='ocrx_word' id='word_1_45' title='bbox 502 712 691 760; x_wconf 90' lang='lat' dir='ltr'>quatuor</span> <span class='ocrx_word' id='word_1_46' title='bbox 742 703 981 746; x_wconf 88' lang='lat' dir='ltr'>solidorum</span> <span class='ocrx_word' id='word_1_47' title='bbox 1025 710 1067 746; x_wconf 93' lang='lat' dir='ltr'>et</span> <span class='ocrx_word' id='word_1_48' title='bbox 1108 703 1150 746; x_wconf 91' lang='lat' dir='ltr'>vi</span> <span class='ocrx_word' id='word_1_49' title='bbox 1193 704 1474 748; x_wconf 89' lang='lat' dir='ltr'>denariorum</span> <span class='ocrx_word' id='word_1_50' title='bbox 1517 705 1561 747; x_wconf 89' lang='lat' dir='ltr'>in</span> <span class='ocrx_word' id='word_1_51' title='bbox 1606 705 1783 760; x_wconf 89' lang='lat' dir='ltr'>plenam</span> <span class='ocrx_word' id='word_1_52' title='bbox 1837 706 2104 750; x_wconf 89' lang='lat' dir='ltr'>solutionem</span> <span class='ocrx_word' id='word_1_53' title='bbox 2143 706 2301 762; x_wconf 87' lang='lat' dir='ltr'>viginti</span> 
     </span>
     <span class='ocr_line' id='line_1_8' title="bbox 502 773 2301 830; baseline 0.002 -13"><span class='ocrx_word' id='word_1_54' title='bbox 502 782 692 830; x_wconf 90' lang='lat' dir='ltr'>quatuor</span> <span class='ocrx_word' id='word_1_55' title='bbox 715 774 955 816; x_wconf 91' lang='lat' dir='ltr'>solidorum</span> <span class='ocrx_word' id='word_1_56' title='bbox 979 780 1021 815; x_wconf 91' lang='lat' dir='ltr'>et</span> <span class='ocrx_word' id='word_1_57' title='bbox 1044 773 1086 815; x_wconf 90' lang='lat' dir='ltr'>vi</span> <span class='ocrx_word' id='word_1_58' title='bbox 1109 773 1390 817; x_wconf 89' lang='lat' dir='ltr'>denariorum</span> <span class='ocrx_word' id='word_1_59' title='bbox 1414 774 1657 830; x_wconf 86' lang='lat' dir='ltr'>capellanis</span> <span class='ocrx_word' id='word_1_60' title='bbox 1682 775 1894 830; x_wconf 84' lang='lat' dir='ltr'>predictis</span> <span class='ocrx_word' id='word_1_61' title='bbox 1925 775 1970 818; x_wconf 91' lang='lat' dir='ltr'>in</span> <span class='ocrx_word' id='word_1_62' title='bbox 2003 790 2120 819; x_wconf 92' lang='lat' dir='ltr'>anno</span> <span class='ocrx_word' id='word_1_63' title='bbox 2151 777 2301 820; x_wconf 91' lang='lat' dir='ltr'>leuan-</span> 
     </span>
     <span class='ocr_line' id='line_1_9' title="bbox 501 842 2301 898; baseline 0.001 -11"><span class='ocrx_word' id='word_1_64' title='bbox 501 846 606 887; x_wconf 91' lang='lat' dir='ltr'>dum</span> <span class='ocrx_word' id='word_1_65' title='bbox 629 850 672 886; x_wconf 93' lang='lat' dir='ltr'>et</span> <span class='ocrx_word' id='word_1_66' title='bbox 695 842 1026 898; x_wconf 90' lang='lat' dir='ltr'>percipiendum</span> <span class='ocrx_word' id='word_1_67' title='bbox 1053 843 1291 886; x_wconf 86' lang='lat' dir='ltr'>annuatim</span> <span class='ocrx_word' id='word_1_68' title='bbox 1325 843 1424 886; x_wconf 93' lang='lat' dir='ltr'>illos</span> <span class='ocrx_word' id='word_1_69' title='bbox 1456 850 1646 898; x_wconf 90' lang='lat' dir='ltr'>quatuor</span> <span class='ocrx_word' id='word_1_70' title='bbox 1676 844 1841 887; x_wconf 91' lang='lat' dir='ltr'>solidos</span> <span class='ocrx_word' id='word_1_71' title='bbox 1872 851 1915 887; x_wconf 91' lang='lat' dir='ltr'>et</span> <span class='ocrx_word' id='word_1_72' title='bbox 1946 844 1988 887; x_wconf 93' lang='lat' dir='ltr'>vi</span> <span class='ocrx_word' id='word_1_73' title='bbox 2020 845 2226 888; x_wconf 88' lang='lat' dir='ltr'>denarios</span> <span class='ocrx_word' id='word_1_74' title='bbox 2247 846 2301 888; x_wconf 92' lang='lat' dir='ltr'>de</span> 
     </span>
     <span class='ocr_line' id='line_1_10' title="bbox 501 911 2299 970; baseline 0.001 -14"><span class='ocrx_word' id='word_1_75' title='bbox 501 915 632 956; x_wconf 90' lang='lat' dir='ltr'>domo</span> <span class='ocrx_word' id='word_1_76' title='bbox 661 911 879 955; x_wconf 83' lang='lat' dir='ltr'>willelmi</span> <span class='ocrx_word' id='word_1_77' title='bbox 912 911 1128 954; x_wconf 91' lang='lat' dir='ltr'>blinschel</span> <span class='ocrx_word' id='word_1_78' title='bbox 1162 911 1206 954; x_wconf 92' lang='lat' dir='ltr'>in</span> <span class='ocrx_word' id='word_1_79' title='bbox 1237 912 1335 955; x_wconf 91' lang='lat' dir='ltr'>vico</span> <span class='ocrx_word' id='word_1_80' title='bbox 1368 913 1551 956; x_wconf 91' lang='lat' dir='ltr'>nauium</span> <span class='ocrx_word' id='word_1_81' title='bbox 1584 927 1636 956; x_wconf 88' lang='lat' dir='ltr'>ex</span> <span class='ocrx_word' id='word_1_82' title='bbox 1668 913 1833 957; x_wconf 90' lang='lat' dir='ltr'>boreali</span> <span class='ocrx_word' id='word_1_83' title='bbox 1865 920 1989 970; x_wconf 89' lang='lat' dir='ltr'>parte</span> <span class='ocrx_word' id='word_1_84' title='bbox 2020 914 2219 958; x_wconf 91' lang='lat' dir='ltr'>eiusdem</span> <span class='ocrx_word' id='word_1_85' title='bbox 2251 921 2299 958; x_wconf 87' lang='lat' dir='ltr'>ut</span> 
     </span>
     <span class='ocr_line' id='line_1_11' title="bbox 501 982 2299 1037; baseline 0.002 -12"><span class='ocrx_word' id='word_1_86' title='bbox 501 983 545 1025; x_wconf 90' lang='lat' dir='ltr'>in</span> <span class='ocrx_word' id='word_1_87' title='bbox 587 989 710 1026; x_wconf 89' lang='lat' dir='ltr'>carta</span> <span class='ocrx_word' id='word_1_88' title='bbox 751 983 941 1037; x_wconf 88' lang='lat' dir='ltr'>desuper</span> <span class='ocrx_word' id='word_1_89' title='bbox 981 982 1184 1025; x_wconf 87' lang='lat' dir='ltr'>confecta</span> <span class='ocrx_word' id='word_1_90' title='bbox 1224 982 1399 1037; x_wconf 88' lang='lat' dir='ltr'>plenius</span> <span class='ocrx_word' id='word_1_91' title='bbox 1440 983 1693 1026; x_wconf 88' lang='lat' dir='ltr'>continetur</span> <span class='ocrx_word' id='word_1_92' title='bbox 1733 985 1788 1026; x_wconf 92' lang='lat' dir='ltr'>ad</span> <span class='ocrx_word' id='word_1_93' title='bbox 1825 990 2024 1027; x_wconf 90' lang='lat' dir='ltr'>nostram</span> <span class='ocrx_word' id='word_1_94' title='bbox 2059 985 2299 1028; x_wconf 89' lang='lat' dir='ltr'>vtilitatem</span> 
     </span>
     <span class='ocr_line' id='line_1_12' title="bbox 498 1051 2300 1109; baseline 0.001 -14"><span class='ocrx_word' id='word_1_95' title='bbox 498 1051 803 1109; x_wconf 86' lang='lat' dir='ltr'>ymmouerius</span> <span class='ocrx_word' id='word_1_96' title='bbox 843 1057 1096 1094; x_wconf 90' lang='lat' dir='ltr'>nostrorum</span> <span class='ocrx_word' id='word_1_97' title='bbox 1138 1066 1445 1095; x_wconf 89' lang='lat' dir='ltr'>suceessorum</span> <span class='ocrx_word' id='word_1_98' title='bbox 1488 1055 1543 1096; x_wconf 89' lang='lat' dir='ltr'>ad</span> <span class='ocrx_word' id='word_1_99' title='bbox 1581 1055 1904 1096; x_wconf 91' lang='lat' dir='ltr'>construendas</span> <span class='ocrx_word' id='word_1_100' title='bbox 1943 1055 2216 1109; x_wconf 89' lang='lat' dir='ltr'>reparandas</span> <span class='ocrx_word' id='word_1_101' title='bbox 2256 1060 2300 1097; x_wconf 92' lang='lat' dir='ltr'>et</span> 
     </span>
     <span class='ocr_line' id='line_1_13' title="bbox 499 1123 2300 1180; baseline 0.001 -15"><span class='ocrx_word' id='word_1_102' title='bbox 499 1123 771 1166; x_wconf 87' lang='lat' dir='ltr'>edificandas</span> <span class='ocrx_word' id='word_1_103' title='bbox 796 1129 974 1165; x_wconf 89' lang='lat' dir='ltr'>nostras</span> <span class='ocrx_word' id='word_1_104' title='bbox 1002 1123 1158 1165; x_wconf 91' lang='lat' dir='ltr'>domos</span> <span class='ocrx_word' id='word_1_105' title='bbox 1190 1136 1451 1166; x_wconf 90' lang='lat' dir='ltr'>communes</span> <span class='ocrx_word' id='word_1_106' title='bbox 1484 1125 1544 1166; x_wconf 89' lang='lat' dir='ltr'>Et</span> <span class='ocrx_word' id='word_1_107' title='bbox 1576 1123 1783 1180; x_wconf 89' lang='lat' dir='ltr'>precipue</span> <span class='ocrx_word' id='word_1_108' title='bbox 1814 1124 1923 1167; x_wconf 92' lang='lat' dir='ltr'>illud</span> <span class='ocrx_word' id='word_1_109' title='bbox 1955 1130 2157 1168; x_wconf 90' lang='lat' dir='ltr'>nostrum</span> <span class='ocrx_word' id='word_1_110' title='bbox 2179 1131 2300 1167; x_wconf 92' lang='lat' dir='ltr'>tene-</span> 
     </span>
     <span class='ocr_line' id='line_1_14' title="bbox 500 1192 2300 1239; baseline 0.002 -5"><span class='ocrx_word' id='word_1_111' title='bbox 500 1199 700 1235; x_wconf 90' lang='lat' dir='ltr'>mentum</span> <span class='ocrx_word' id='word_1_112' title='bbox 732 1193 890 1235; x_wconf 88' lang='lat' dir='ltr'>Iaeens</span> <span class='ocrx_word' id='word_1_113' title='bbox 919 1192 963 1234; x_wconf 94' lang='lat' dir='ltr'>in</span> <span class='ocrx_word' id='word_1_114' title='bbox 985 1192 1083 1235; x_wconf 89' lang='lat' dir='ltr'>vico</span> <span class='ocrx_word' id='word_1_115' title='bbox 1112 1192 1295 1236; x_wconf 91' lang='lat' dir='ltr'>nauium</span> <span class='ocrx_word' id='word_1_116' title='bbox 1325 1193 1440 1236; x_wconf 91' lang='lat' dir='ltr'>inter</span> <span class='ocrx_word' id='word_1_117' title='bbox 1468 1200 1633 1236; x_wconf 90' lang='lat' dir='ltr'>terram</span> <span class='ocrx_word' id='word_1_118' title='bbox 1661 1194 1815 1237; x_wconf 89' lang='lat' dir='ltr'>thome</span> <span class='ocrx_word' id='word_1_119' title='bbox 1843 1195 2026 1238; x_wconf 92' lang='lat' dir='ltr'>chamer</span> <span class='ocrx_word' id='word_1_120' title='bbox 2053 1209 2107 1238; x_wconf 86' lang='lat' dir='ltr'>ex</span> <span class='ocrx_word' id='word_1_121' title='bbox 2134 1194 2300 1239; x_wconf 91' lang='lat' dir='ltr'>boreali</span> 
     </span>
     <span class='ocr_line' id='line_1_15' title="bbox 499 1263 2301 1322; baseline 0.003 -17"><span class='ocrx_word' id='word_1_122' title='bbox 499 1277 552 1305; x_wconf 82' lang='lat' dir='ltr'>ex</span> <span class='ocrx_word' id='word_1_123' title='bbox 573 1277 660 1306; x_wconf 83' lang='lat' dir='ltr'>vna</span> <span class='ocrx_word' id='word_1_124' title='bbox 687 1269 729 1305; x_wconf 90' lang='lat' dir='ltr'>et</span> <span class='ocrx_word' id='word_1_125' title='bbox 757 1269 922 1306; x_wconf 92' lang='lat' dir='ltr'>terram</span> <span class='ocrx_word' id='word_1_126' title='bbox 951 1263 1164 1306; x_wconf 91' lang='lat' dir='ltr'>heredum</span> <span class='ocrx_word' id='word_1_127' title='bbox 1191 1265 1415 1318; x_wconf 92' lang='lat' dir='ltr'>quondam</span> <span class='ocrx_word' id='word_1_128' title='bbox 1441 1264 1594 1307; x_wconf 91' lang='lat' dir='ltr'>thome</span> <span class='ocrx_word' id='word_1_129' title='bbox 1616 1271 1714 1320; x_wconf 89' lang='lat' dir='ltr'>prat</span> <span class='ocrx_word' id='word_1_130' title='bbox 1737 1280 1790 1308; x_wconf 87' lang='lat' dir='ltr'>ex</span> <span class='ocrx_word' id='word_1_131' title='bbox 1811 1266 1997 1310; x_wconf 85' lang='lat' dir='ltr'>australi</span> <span class='ocrx_word' id='word_1_132' title='bbox 2022 1267 2224 1322; x_wconf 89' lang='lat' dir='ltr'>partibus</span> <span class='ocrx_word' id='word_1_133' title='bbox 2245 1268 2301 1311; x_wconf 91' lang='lat' dir='ltr'>ab</span> 
     </span>
     <span class='ocr_line' id='line_1_16' title="bbox 499 1332 2300 1389; baseline 0.002 -13"><span class='ocrx_word' id='word_1_134' title='bbox 499 1333 639 1376; x_wconf 91' lang='lat' dir='ltr'>altera</span> <span class='ocrx_word' id='word_1_135' title='bbox 667 1347 952 1377; x_wconf 90' lang='lat' dir='ltr'>communem</span> <span class='ocrx_word' id='word_1_136' title='bbox 978 1332 1096 1376; x_wconf 90' lang='lat' dir='ltr'>viam</span> <span class='ocrx_word' id='word_1_137' title='bbox 1128 1333 1296 1389; x_wconf 85' lang='lat' dir='ltr'>regiam</span> <span class='ocrx_word' id='word_1_138' title='bbox 1328 1348 1483 1376; x_wconf 91' lang='lat' dir='ltr'>versus</span> <span class='ocrx_word' id='word_1_139' title='bbox 1514 1334 1660 1377; x_wconf 91' lang='lat' dir='ltr'>oriens</span> <span class='ocrx_word' id='word_1_140' title='bbox 1692 1341 1735 1378; x_wconf 90' lang='lat' dir='ltr'>et</span> <span class='ocrx_word' id='word_1_141' title='bbox 1768 1342 1966 1379; x_wconf 92' lang='lat' dir='ltr'>montem</span> <span class='ocrx_word' id='word_1_142' title='bbox 1996 1336 2113 1379; x_wconf 92' lang='lat' dir='ltr'>Diue</span> <span class='ocrx_word' id='word_1_143' title='bbox 2145 1337 2300 1380; x_wconf 91' lang='lat' dir='ltr'>katha-</span> 
     </span>
     <span class='ocr_line' id='line_1_17' title="bbox 498 1402 2301 1462; baseline 0.002 -16"><span class='ocrx_word' id='word_1_144' title='bbox 498 1403 592 1446; x_wconf 90' lang='lat' dir='ltr'>rine</span> <span class='ocrx_word' id='word_1_145' title='bbox 613 1418 769 1447; x_wconf 86' lang='lat' dir='ltr'>versus</span> <span class='ocrx_word' id='word_1_146' title='bbox 797 1402 1005 1446; x_wconf 90' lang='lat' dir='ltr'>occidens</span> <span class='ocrx_word' id='word_1_147' title='bbox 1042 1410 1085 1446; x_wconf 90' lang='lat' dir='ltr'>et</span> <span class='ocrx_word' id='word_1_148' title='bbox 1117 1404 1171 1446; x_wconf 91' lang='lat' dir='ltr'>de</span> <span class='ocrx_word' id='word_1_149' title='bbox 1202 1405 1357 1447; x_wconf 89' lang='lat' dir='ltr'>eadem</span> <span class='ocrx_word' id='word_1_150' title='bbox 1387 1418 1505 1447; x_wconf 90' lang='lat' dir='ltr'>noua</span> <span class='ocrx_word' id='word_1_151' title='bbox 1533 1405 1665 1448; x_wconf 91' lang='lat' dir='ltr'>domo</span> <span class='ocrx_word' id='word_1_152' title='bbox 1693 1412 1846 1449; x_wconf 88' lang='lat' dir='ltr'>nostra</span> <span class='ocrx_word' id='word_1_153' title='bbox 1878 1406 1990 1450; x_wconf 91' lang='lat' dir='ltr'>alios</span> <span class='ocrx_word' id='word_1_154' title='bbox 2010 1406 2168 1462; x_wconf 88' lang='lat' dir='ltr'>viginti</span> <span class='ocrx_word' id='word_1_155' title='bbox 2200 1407 2301 1450; x_wconf 89' lang='lat' dir='ltr'>soli-</span> 
     </span>
     <span class='ocr_line' id='line_1_18' title="bbox 497 1472 2301 1534; baseline 0.002 -18"><span class='ocrx_word' id='word_1_156' title='bbox 497 1474 578 1516; x_wconf 90' lang='lat' dir='ltr'>dos</span> <span class='ocrx_word' id='word_1_157' title='bbox 603 1472 836 1516; x_wconf 82' lang='lat' dir='ltr'>annuatim</span> <span class='ocrx_word' id='word_1_158' title='bbox 862 1487 941 1528; x_wconf 92' lang='lat' dir='ltr'>pro</span> <span class='ocrx_word' id='word_1_159' title='bbox 967 1472 1165 1528; x_wconf 90' lang='lat' dir='ltr'>predicto</span> <span class='ocrx_word' id='word_1_160' title='bbox 1196 1473 1352 1517; x_wconf 90' lang='lat' dir='ltr'>thoma</span> <span class='ocrx_word' id='word_1_161' title='bbox 1383 1475 1530 1518; x_wconf 87' lang='lat' dir='ltr'>Waus</span> <span class='ocrx_word' id='word_1_162' title='bbox 1555 1474 1629 1530; x_wconf 88' lang='lat' dir='ltr'>qui</span> <span class='ocrx_word' id='word_1_163' title='bbox 1658 1481 1761 1518; x_wconf 88' lang='lat' dir='ltr'>sunt</span> <span class='ocrx_word' id='word_1_164' title='bbox 1783 1475 1827 1518; x_wconf 92' lang='lat' dir='ltr'>in</span> <span class='ocrx_word' id='word_1_165' title='bbox 1849 1482 1945 1520; x_wconf 88' lang='lat' dir='ltr'>toto</span> <span class='ocrx_word' id='word_1_166' title='bbox 1970 1491 2049 1532; x_wconf 93' lang='lat' dir='ltr'>pro</span> <span class='ocrx_word' id='word_1_167' title='bbox 2070 1491 2122 1520; x_wconf 93' lang='lat' dir='ltr'>eo</span> <span class='ocrx_word' id='word_1_168' title='bbox 2143 1476 2301 1534; x_wconf 90' lang='lat' dir='ltr'>viginti</span> 
     </span>
     <span class='ocr_line' id='line_1_19' title="bbox 497 1542 2301 1603; baseline 0.003 -17"><span class='ocrx_word' id='word_1_169' title='bbox 497 1549 688 1598; x_wconf 90' lang='lat' dir='ltr'>quatuor</span> <span class='ocrx_word' id='word_1_170' title='bbox 709 1542 836 1598; x_wconf 90' lang='lat' dir='ltr'>solidj</span> <span class='ocrx_word' id='word_1_171' title='bbox 861 1550 904 1586; x_wconf 89' lang='lat' dir='ltr'>et</span> <span class='ocrx_word' id='word_1_172' title='bbox 925 1542 968 1586; x_wconf 90' lang='lat' dir='ltr'>vi</span> <span class='ocrx_word' id='word_1_173' title='bbox 990 1543 1157 1599; x_wconf 89' lang='lat' dir='ltr'>denarij</span> <span class='ocrx_word' id='word_1_174' title='bbox 1190 1544 1250 1586; x_wconf 90' lang='lat' dir='ltr'>Et</span> <span class='ocrx_word' id='word_1_175' title='bbox 1280 1545 1337 1587; x_wconf 90' lang='lat' dir='ltr'>ad</span> <span class='ocrx_word' id='word_1_176' title='bbox 1365 1543 1449 1587; x_wconf 92' lang='lat' dir='ltr'>hoc</span> <span class='ocrx_word' id='word_1_177' title='bbox 1477 1544 1730 1589; x_wconf 87' lang='lat' dir='ltr'>faciendum</span> <span class='ocrx_word' id='word_1_178' title='bbox 1758 1560 1809 1589; x_wconf 92' lang='lat' dir='ltr'>ac</span> <span class='ocrx_word' id='word_1_179' title='bbox 1839 1548 1895 1590; x_wconf 92' lang='lat' dir='ltr'>ad</span> <span class='ocrx_word' id='word_1_180' title='bbox 1924 1546 2193 1602; x_wconf 89' lang='lat' dir='ltr'>promissum</span> <span class='ocrx_word' id='word_1_181' title='bbox 2223 1561 2301 1603; x_wconf 90' lang='lat' dir='ltr'>per</span> 
     </span>
     <span class='ocr_line' id='line_1_20' title="bbox 497 1613 2302 1662; baseline 0.003 -7"><span class='ocrx_word' id='word_1_182' title='bbox 497 1627 579 1656; x_wconf 90' lang='lat' dir='ltr'>nos</span> <span class='ocrx_word' id='word_1_183' title='bbox 610 1619 653 1656; x_wconf 91' lang='lat' dir='ltr'>et</span> <span class='ocrx_word' id='word_1_184' title='bbox 685 1619 863 1656; x_wconf 88' lang='lat' dir='ltr'>nostros</span> <span class='ocrx_word' id='word_1_185' title='bbox 894 1627 1174 1656; x_wconf 86' lang='lat' dir='ltr'>successores</span> <span class='ocrx_word' id='word_1_186' title='bbox 1208 1613 1534 1658; x_wconf 90' lang='lat' dir='ltr'>Inuiolabiliter</span> <span class='ocrx_word' id='word_1_187' title='bbox 1562 1615 1654 1658; x_wconf 86' lang='lat' dir='ltr'>fore</span> <span class='ocrx_word' id='word_1_188' title='bbox 1676 1616 2004 1660; x_wconf 91' lang='lat' dir='ltr'>obseruandum</span> <span class='ocrx_word' id='word_1_189' title='bbox 2033 1618 2115 1662; x_wconf 92' lang='lat' dir='ltr'>sub</span> <span class='ocrx_word' id='word_1_190' title='bbox 2137 1617 2302 1660; x_wconf 89' lang='lat' dir='ltr'>nostris</span> 
     </span>
     <span class='ocr_line' id='line_1_21' title="bbox 500 1682 2299 1743; baseline 0.002 -17"><span class='ocrx_word' id='word_1_191' title='bbox 500 1682 788 1739; x_wconf 84' lang='lat' dir='ltr'>cyrographis</span> <span class='ocrx_word' id='word_1_192' title='bbox 810 1690 852 1726; x_wconf 93' lang='lat' dir='ltr'>et</span> <span class='ocrx_word' id='word_1_193' title='bbox 875 1683 1149 1727; x_wconf 89' lang='lat' dir='ltr'>notariorum</span> <span class='ocrx_word' id='word_1_194' title='bbox 1173 1683 1312 1727; x_wconf 90' lang='lat' dir='ltr'>nostri</span> <span class='ocrx_word' id='word_1_195' title='bbox 1330 1683 1486 1740; x_wconf 88' lang='lat' dir='ltr'>gremij</span> <span class='ocrx_word' id='word_1_196' title='bbox 1507 1684 1749 1741; x_wconf 90' lang='lat' dir='ltr'>signaturis</span> <span class='ocrx_word' id='word_1_197' title='bbox 1766 1688 1847 1731; x_wconf 89' lang='lat' dir='ltr'>sub</span> <span class='ocrx_word' id='word_1_198' title='bbox 1862 1686 2084 1743; x_wconf 88' lang='lat' dir='ltr'>ypotheca</span> <span class='ocrx_word' id='word_1_199' title='bbox 2100 1686 2299 1731; x_wconf 90' lang='lat' dir='ltr'>omnium</span> 
     </span>
     <span class='ocr_line' id='line_1_22' title="bbox 500 1755 2300 1813; baseline 0.003 -17"><span class='ocrx_word' id='word_1_200' title='bbox 500 1755 716 1797; x_wconf 90' lang='lat' dir='ltr'>bonorum</span> <span class='ocrx_word' id='word_1_201' title='bbox 746 1760 1000 1796; x_wconf 90' lang='lat' dir='ltr'>nostrorum</span> <span class='ocrx_word' id='word_1_202' title='bbox 1033 1760 1076 1796; x_wconf 89' lang='lat' dir='ltr'>et</span> <span class='ocrx_word' id='word_1_203' title='bbox 1109 1768 1419 1798; x_wconf 89' lang='lat' dir='ltr'>successorum</span> <span class='ocrx_word' id='word_1_204' title='bbox 1452 1755 1757 1799; x_wconf 89' lang='lat' dir='ltr'>communium</span> <span class='ocrx_word' id='word_1_205' title='bbox 1789 1756 2062 1813; x_wconf 89' lang='lat' dir='ltr'>presentium</span> <span class='ocrx_word' id='word_1_206' title='bbox 2095 1763 2138 1801; x_wconf 89' lang='lat' dir='ltr'>et</span> <span class='ocrx_word' id='word_1_207' title='bbox 2162 1757 2300 1801; x_wconf 89' lang='lat' dir='ltr'>futur-</span> 
     </span>
     <span class='ocr_line' id='line_1_23' title="bbox 499 1823 2302 1883; baseline 0.003 -17"><span class='ocrx_word' id='word_1_208' title='bbox 499 1838 625 1867; x_wconf 91' lang='lat' dir='ltr'>orum</span> <span class='ocrx_word' id='word_1_209' title='bbox 662 1825 716 1867; x_wconf 92' lang='lat' dir='ltr'>de</span> <span class='ocrx_word' id='word_1_210' title='bbox 750 1823 950 1866; x_wconf 90' lang='lat' dir='ltr'>vnanimi</span> <span class='ocrx_word' id='word_1_211' title='bbox 987 1838 1208 1867; x_wconf 90' lang='lat' dir='ltr'>consensu</span> <span class='ocrx_word' id='word_1_212' title='bbox 1244 1824 1526 1868; x_wconf 90' lang='lat' dir='ltr'>decernimus</span> <span class='ocrx_word' id='word_1_213' title='bbox 1561 1832 1604 1869; x_wconf 92' lang='lat' dir='ltr'>et</span> <span class='ocrx_word' id='word_1_214' title='bbox 1641 1826 1922 1871; x_wconf 89' lang='lat' dir='ltr'>decreuimus</span> <span class='ocrx_word' id='word_1_215' title='bbox 1957 1841 2035 1882; x_wconf 92' lang='lat' dir='ltr'>per</span> <span class='ocrx_word' id='word_1_216' title='bbox 2069 1832 2302 1883; x_wconf 85' lang='lat' dir='ltr'>presentes</span> 
     </span>
     <span class='ocr_line' id='line_1_24' title="bbox 499 1893 2299 1950; baseline 0.003 -15"><span class='ocrx_word' id='word_1_217' title='bbox 499 1894 614 1936; x_wconf 91' lang='lat' dir='ltr'>Acta</span> <span class='ocrx_word' id='word_1_218' title='bbox 645 1900 769 1937; x_wconf 90' lang='lat' dir='ltr'>erant</span> <span class='ocrx_word' id='word_1_219' title='bbox 802 1894 884 1936; x_wconf 92' lang='lat' dir='ltr'>hec</span> <span class='ocrx_word' id='word_1_220' title='bbox 915 1893 960 1936; x_wconf 93' lang='lat' dir='ltr'>in</span> <span class='ocrx_word' id='word_1_221' title='bbox 992 1894 1090 1937; x_wconf 94' lang='lat' dir='ltr'>loco</span> <span class='ocrx_word' id='word_1_222' title='bbox 1121 1894 1357 1950; x_wconf 88' lang='lat' dir='ltr'>capitulari</span> <span class='ocrx_word' id='word_1_223' title='bbox 1383 1895 1582 1938; x_wconf 90' lang='lat' dir='ltr'>vnanimi</span> <span class='ocrx_word' id='word_1_224' title='bbox 1613 1895 1802 1940; x_wconf 88' lang='lat' dir='ltr'>fratrum</span> <span class='ocrx_word' id='word_1_225' title='bbox 1835 1911 2055 1940; x_wconf 91' lang='lat' dir='ltr'>consensu</span> <span class='ocrx_word' id='word_1_226' title='bbox 2076 1896 2122 1940; x_wconf 90' lang='lat' dir='ltr'>in</span> <span class='ocrx_word' id='word_1_227' title='bbox 2143 1897 2299 1940; x_wconf 91' lang='lat' dir='ltr'>eodem</span> 
     </span>
     <span class='ocr_line' id='line_1_25' title="bbox 499 1963 2299 2022; baseline 0.002 -16"><span class='ocrx_word' id='word_1_228' title='bbox 499 1977 661 2019; x_wconf 91' lang='lat' dir='ltr'>corpus</span> <span class='ocrx_word' id='word_1_229' title='bbox 682 1963 865 2020; x_wconf 91' lang='lat' dir='ltr'>capituli</span> <span class='ocrx_word' id='word_1_230' title='bbox 892 1964 1246 2019; x_wconf 91' lang='lat' dir='ltr'>presentantium</span> <span class='ocrx_word' id='word_1_231' title='bbox 1269 1966 1324 2008; x_wconf 94' lang='lat' dir='ltr'>ad</span> <span class='ocrx_word' id='word_1_232' title='bbox 1347 1965 1430 2008; x_wconf 93' lang='lat' dir='ltr'>hoc</span> <span class='ocrx_word' id='word_1_233' title='bbox 1454 1965 1706 2021; x_wconf 89' lang='lat' dir='ltr'>specialiter</span> <span class='ocrx_word' id='word_1_234' title='bbox 1731 1972 2101 2022; x_wconf 87' lang='lat' dir='ltr'>congregatorum</span> <span class='ocrx_word' id='word_1_235' title='bbox 2127 1966 2299 2010; x_wconf 86' lang='lat' dir='ltr'>decimo</span> 
     </span>
     <span class='ocr_line' id='line_1_26' title="bbox 499 2034 2299 2092; baseline 0.002 -16"><span class='ocrx_word' id='word_1_236' title='bbox 499 2042 624 2077; x_wconf 81' lang='lat' dir='ltr'>sexto</span> <span class='ocrx_word' id='word_1_237' title='bbox 655 2034 725 2077; x_wconf 92' lang='lat' dir='ltr'>die</span> <span class='ocrx_word' id='word_1_238' title='bbox 758 2034 925 2077; x_wconf 89' lang='lat' dir='ltr'>mensis</span> <span class='ocrx_word' id='word_1_239' title='bbox 955 2034 1160 2090; x_wconf 90' lang='lat' dir='ltr'>februarij</span> <span class='ocrx_word' id='word_1_240' title='bbox 1196 2049 1313 2078; x_wconf 92' lang='lat' dir='ltr'>anno</span> <span class='ocrx_word' id='word_1_241' title='bbox 1345 2035 1512 2091; x_wconf 91' lang='lat' dir='ltr'>dominj</span> <span class='ocrx_word' id='word_1_242' title='bbox 1537 2035 1776 2080; x_wconf 91' lang='lat' dir='ltr'>millesimo</span> <span class='ocrx_word' id='word_1_243' title='bbox 1807 2036 2165 2092; x_wconf 86' lang='lat' dir='ltr'>quingentesimo</span> <span class='ocrx_word' id='word_1_244' title='bbox 2185 2035 2299 2079; x_wconf 91' lang='lat' dir='ltr'>vice·</span> 
     </span>
     <span class='ocr_line' id='line_1_27' title="bbox 499 2105 2298 2163; baseline 0.001 -16"><span class='ocrx_word' id='word_1_245' title='bbox 499 2105 612 2147; x_wconf 89' lang='lat' dir='ltr'>simo</span> <span class='ocrx_word' id='word_1_246' title='bbox 640 2105 890 2148; x_wconf 89' lang='lat' dir='ltr'>Indictione</span> <span class='ocrx_word' id='word_1_247' title='bbox 915 2119 1033 2148; x_wconf 91' lang='lat' dir='ltr'>nona</span> <span class='ocrx_word' id='word_1_248' title='bbox 1065 2112 1107 2148; x_wconf 93' lang='lat' dir='ltr'>et</span> <span class='ocrx_word' id='word_1_249' title='bbox 1140 2105 1413 2149; x_wconf 89' lang='lat' dir='ltr'>sanctissimi</span> <span class='ocrx_word' id='word_1_250' title='bbox 1446 2105 1490 2148; x_wconf 88' lang='lat' dir='ltr'>in</span> <span class='ocrx_word' id='word_1_251' title='bbox 1523 2107 1660 2150; x_wconf 88' lang='lat' dir='ltr'>cristo</span> <span class='ocrx_word' id='word_1_252' title='bbox 1690 2107 1831 2163; x_wconf 88' lang='lat' dir='ltr'>patris</span> <span class='ocrx_word' id='word_1_253' title='bbox 1862 2114 1905 2150; x_wconf 91' lang='lat' dir='ltr'>et</span> <span class='ocrx_word' id='word_1_254' title='bbox 1937 2106 2104 2151; x_wconf 90' lang='lat' dir='ltr'>domini</span> <span class='ocrx_word' id='word_1_255' title='bbox 2131 2106 2298 2151; x_wconf 92' lang='lat' dir='ltr'>domini</span> 
     </span>
     <span class='ocr_line' id='line_1_28' title="bbox 499 2174 1921 2232; baseline 0.003 -15"><span class='ocrx_word' id='word_1_256' title='bbox 499 2174 640 2218; x_wconf 89' lang='lat' dir='ltr'>nostri</span> <span class='ocrx_word' id='word_1_257' title='bbox 662 2174 804 2218; x_wconf 91' lang='lat' dir='ltr'>leonis</span> <span class='ocrx_word' id='word_1_258' title='bbox 825 2174 977 2218; x_wconf 92' lang='lat' dir='ltr'>diuina</span> <span class='ocrx_word' id='word_1_259' title='bbox 998 2174 1279 2230; x_wconf 89' lang='lat' dir='ltr'>prouidentia</span> <span class='ocrx_word' id='word_1_260' title='bbox 1300 2190 1414 2231; x_wconf 90' lang='lat' dir='ltr'>pape</span> <span class='ocrx_word' id='word_1_261' title='bbox 1436 2175 1595 2232; x_wconf 90' lang='lat' dir='ltr'>decimj</span> <span class='ocrx_word' id='word_1_262' title='bbox 1621 2191 1738 2221; x_wconf 92' lang='lat' dir='ltr'>anno</span> <span class='ocrx_word' id='word_1_263' title='bbox 1760 2183 1921 2221; x_wconf 88' lang='lat' dir='ltr'>octauo</span> 
     </span>
    </p>
   </div>
   <div class='ocr_carea' id='block_1_4' title="bbox 899 2301 2196 2988">
    <p class='ocr_par' dir='ltr' id='par_1_4' title="bbox 904 2301 1602 2357">
     <span class='ocr_line' id='line_1_29' title="bbox 904 2301 1602 2357; baseline 0.001 -13"><span class='ocrx_word' id='word_1_264' title='bbox 904 2301 1120 2357; x_wconf 83' lang='lat' dir='ltr'>Magister</span> <span class='ocrx_word' id='word_1_265' title='bbox 1140 2302 1342 2347; x_wconf 89' lang='lat' dir='ltr'>Thomas</span> <span class='ocrx_word' id='word_1_266' title='bbox 1365 2303 1602 2347; x_wconf 90' lang='lat' dir='ltr'>Chawmer</span> 
     </span>
    </p>

    <p class='ocr_par' dir='ltr' id='par_1_5' title="bbox 903 2441 2196 2568">
     <span class='ocr_line' id='line_1_30' title="bbox 903 2441 2196 2499; baseline 0.002 -15"><span class='ocrx_word' id='word_1_267' title='bbox 903 2441 1120 2497; x_wconf 87' lang='lat' dir='ltr'>Magister</span> <span class='ocrx_word' id='word_1_268' title='bbox 1152 2442 1285 2485; x_wconf 90' lang='lat' dir='ltr'>dauid</span> <span class='ocrx_word' id='word_1_269' title='bbox 1320 2442 1515 2486; x_wconf 86' lang='lat' dir='ltr'>menzeis</span> <span class='ocrx_word' id='word_1_270' title='bbox 1547 2442 1749 2486; x_wconf 89' lang='lat' dir='ltr'>notarius</span> <span class='ocrx_word' id='word_1_271' title='bbox 1782 2442 1986 2499; x_wconf 90' lang='lat' dir='ltr'>publicus</span> <span class='ocrx_word' id='word_1_272' title='bbox 2022 2445 2078 2486; x_wconf 90' lang='lat' dir='ltr'>ad</span> <span class='ocrx_word' id='word_1_273' title='bbox 2114 2444 2196 2486; x_wconf 91' lang='lat' dir='ltr'>hec</span> 
     </span>
     <span class='ocr_line' id='line_1_31' title="bbox 1074 2512 1513 2568; baseline 0.005 -14"><span class='ocrx_word' id='word_1_274' title='bbox 1074 2526 1155 2555; x_wconf 91' lang='lat' dir='ltr'>sua</span> <span class='ocrx_word' id='word_1_275' title='bbox 1177 2527 1313 2555; x_wconf 90' lang='lat' dir='ltr'>manu</span> <span class='ocrx_word' id='word_1_276' title='bbox 1335 2512 1513 2568; x_wconf 90' lang='lat' dir='ltr'>propria</span> 
     </span>
    </p>

    <p class='ocr_par' dir='ltr' id='par_1_6' title="bbox 901 2580 1813 2638">
     <span class='ocr_line' id='line_1_32' title="bbox 901 2580 1813 2638; baseline 0.002 -15"><span class='ocrx_word' id='word_1_277' title='bbox 901 2580 1108 2624; x_wconf 90' lang='lat' dir='ltr'>dominus</span> <span class='ocrx_word' id='word_1_278' title='bbox 1128 2583 1330 2625; x_wconf 90' lang='lat' dir='ltr'>Andreas</span> <span class='ocrx_word' id='word_1_279' title='bbox 1351 2583 1453 2638; x_wconf 93' lang='lat' dir='ltr'>culp</span> <span class='ocrx_word' id='word_1_280' title='bbox 1475 2595 1611 2626; x_wconf 90' lang='lat' dir='ltr'>manu</span> <span class='ocrx_word' id='word_1_281' title='bbox 1637 2582 1813 2638; x_wconf 88' lang='lat' dir='ltr'>propria</span> 
     </span>
    </p>

    <p class='ocr_par' dir='ltr' id='par_1_7' title="bbox 900 2651 1882 2707">
     <span class='ocr_line' id='line_1_33' title="bbox 900 2651 1882 2707; baseline 0.002 -14"><span class='ocrx_word' id='word_1_282' title='bbox 900 2651 1108 2694; x_wconf 90' lang='lat' dir='ltr'>dominus</span> <span class='ocrx_word' id='word_1_283' title='bbox 1131 2652 1358 2695; x_wconf 91' lang='lat' dir='ltr'>Iohannes</span> <span class='ocrx_word' id='word_1_284' title='bbox 1378 2653 1524 2696; x_wconf 91' lang='lat' dir='ltr'>Waus</span> <span class='ocrx_word' id='word_1_285' title='bbox 1546 2666 1682 2696; x_wconf 90' lang='lat' dir='ltr'>manu</span> <span class='ocrx_word' id='word_1_286' title='bbox 1703 2652 1882 2707; x_wconf 91' lang='lat' dir='ltr'>propria</span> 
     </span>
    </p>

    <p class='ocr_par' dir='ltr' id='par_1_8' title="bbox 899 2721 1787 2778">
     <span class='ocr_line' id='line_1_34' title="bbox 899 2721 1787 2778; baseline 0.003 -16"><span class='ocrx_word' id='word_1_287' title='bbox 899 2721 1106 2764; x_wconf 90' lang='lat' dir='ltr'>dominus</span> <span class='ocrx_word' id='word_1_288' title='bbox 1128 2721 1261 2765; x_wconf 90' lang='lat' dir='ltr'>dauid</span> <span class='ocrx_word' id='word_1_289' title='bbox 1283 2724 1430 2766; x_wconf 91' lang='lat' dir='ltr'>Waus</span> <span class='ocrx_word' id='word_1_290' title='bbox 1451 2736 1587 2766; x_wconf 90' lang='lat' dir='ltr'>manu</span> <span class='ocrx_word' id='word_1_291' title='bbox 1609 2722 1787 2778; x_wconf 90' lang='lat' dir='ltr'>propria</span> 
     </span>
    </p>

    <p class='ocr_par' dir='ltr' id='par_1_9' title="bbox 902 2792 1856 2849">
     <span class='ocr_line' id='line_1_35' title="bbox 902 2792 1856 2849; baseline 0.003 -16"><span class='ocrx_word' id='word_1_292' title='bbox 902 2792 972 2834; x_wconf 93' lang='lat' dir='ltr'>Ita</span> <span class='ocrx_word' id='word_1_293' title='bbox 994 2799 1060 2834; x_wconf 89' lang='lat' dir='ltr'>est</span> <span class='ocrx_word' id='word_1_294' title='bbox 1083 2792 1216 2835; x_wconf 91' lang='lat' dir='ltr'>dauid</span> <span class='ocrx_word' id='word_1_295' title='bbox 1238 2792 1500 2849; x_wconf 91' lang='lat' dir='ltr'>nichylsone</span> <span class='ocrx_word' id='word_1_296' title='bbox 1521 2807 1658 2836; x_wconf 88' lang='lat' dir='ltr'>manu</span> <span class='ocrx_word' id='word_1_297' title='bbox 1679 2793 1856 2848; x_wconf 91' lang='lat' dir='ltr'>propria</span> 
     </span>
    </p>

    <p class='ocr_par' dir='ltr' id='par_1_10' title="bbox 900 2861 1820 2918">
     <span class='ocr_line' id='line_1_36' title="bbox 900 2861 1820 2918; baseline 0.001 -15"><span class='ocrx_word' id='word_1_298' title='bbox 900 2861 1107 2904; x_wconf 90' lang='lat' dir='ltr'>dominus</span> <span class='ocrx_word' id='word_1_299' title='bbox 1131 2862 1356 2906; x_wconf 90' lang='lat' dir='ltr'>Iohannes</span> <span class='ocrx_word' id='word_1_300' title='bbox 1375 2862 1462 2918; x_wconf 85' lang='lat' dir='ltr'>fyfe</span> <span class='ocrx_word' id='word_1_301' title='bbox 1485 2877 1621 2906; x_wconf 90' lang='lat' dir='ltr'>manu</span> <span class='ocrx_word' id='word_1_302' title='bbox 1643 2862 1820 2918; x_wconf 88' lang='lat' dir='ltr'>propria</span> 
     </span>
    </p>

    <p class='ocr_par' dir='ltr' id='par_1_11' title="bbox 901 2930 2113 2988">
     <span class='ocr_line' id='line_1_37' title="bbox 901 2930 2113 2988; baseline 0.002 -15"><span class='ocrx_word' id='word_1_303' title='bbox 901 2930 1108 2975; x_wconf 91' lang='lat' dir='ltr'>dominus</span> <span class='ocrx_word' id='word_1_304' title='bbox 1129 2932 1387 2976; x_wconf 90' lang='lat' dir='ltr'>Willelmus</span> <span class='ocrx_word' id='word_1_305' title='bbox 1410 2947 1572 2988; x_wconf 92' lang='lat' dir='ltr'>couper</span> <span class='ocrx_word' id='word_1_306' title='bbox 1593 2934 1648 2976; x_wconf 91' lang='lat' dir='ltr'>ad</span> <span class='ocrx_word' id='word_1_307' title='bbox 1670 2933 1752 2975; x_wconf 92' lang='lat' dir='ltr'>hec</span> <span class='ocrx_word' id='word_1_308' title='bbox 1776 2947 1911 2975; x_wconf 92' lang='lat' dir='ltr'>manu</span> <span class='ocrx_word' id='word_1_309' title='bbox 1937 2931 2113 2987; x_wconf 87' lang='lat' dir='ltr'>propria</span> 
     </span>
    </p>
   </div>
  </div>
 </body>
</html>
