2524 3418
776 282 907 324 Carta
943 281 1145 324 Willelmi
1175 281 1222 322 de
1250 280 1459 323 strabroclz
1970 295 2023 338 55

217 395 252 437 si
282 395 467 438 heredes
492 396 598 439 dicti
625 397 794 439 arthuri
821 396 987 439 dictam
1019 402 1184 438 terram
1213 410 1292 450 pro
1321 395 1441 438 dicto
1468 396 1596 437 feodo
1620 401 1772 439 tenere
1800 396 2023 440 noluerint

213 464 314 506 volo
356 466 471 518 quod
504 465 623 507 dicta
654 472 773 507 terra
809 480 910 507 cum
947 463 1233 519 pertinenciis
1269 464 1597 519 imperpetuum
1631 471 1861 507 remaneat
1891 465 2019 520 altarj

214 533 333 575 beati
349 534 504 590 Jacobj
525 533 768 588 supradicti
785 535 1009 576 reddendo
1026 533 1127 575 inde
1144 532 1412 575 forinsecum
1431 532 1668 575 seruicium
1692 533 1859 575 domini
1882 534 2022 576 nostri

209 602 325 657 regis
356 609 534 646 tantum
573 605 633 645 Et
668 603 825 658 viginti
863 603 1028 645 solidos
1060 602 1364 657 stirlingorum
1402 603 1455 644 de
1492 608 1610 645 terra
1642 617 1777 657 quam
1809 602 2022 646 ninianus

209 672 342 727 stoyll
374 674 428 716 de
464 688 536 716 me
567 679 690 716 tenet
727 675 782 716 ad
817 673 1111 716 feodifirmam
1151 674 1333 715 Iacente
1368 672 1414 715 in
1451 672 1571 715 dicto
1605 673 1704 715 vico
1737 674 1871 728 castrj
1906 674 2023 716 inter

211 748 376 785 terram
409 744 562 786 thome
594 745 647 786 de
679 749 830 786 strane
860 758 1015 786 versus
1050 743 1258 786 occidens
1290 749 1333 786 et
1365 749 1529 785 terram
1566 743 1730 786 roberti
1761 745 1815 786 de
1848 743 2021 786 salchot

205 826 360 855 versus
390 813 538 855 oriens
574 815 634 855 Et
667 820 839 868 septem
877 813 1020 855 decim
1053 813 1219 855 solidos
1255 818 1298 854 et
1335 818 1437 855 octo
1473 812 1679 855 denarios
1712 812 2018 868 stirlingorum

205 881 258 923 de
293 887 412 924 terra
448 896 582 936 quam
614 883 733 938 hugo
766 884 819 925 de
853 883 1079 925 Rodinum
1103 884 1155 924 de
1178 897 1249 924 me
1278 889 1400 924 tenet
1430 883 1486 924 ad
1514 882 1810 925 feodifirmam
1836 884 2019 925 Iacente

206 949 250 992 in
272 952 370 995 vico
392 953 526 1007 castrj
552 967 605 994 ex
626 952 830 1007 opposito
854 952 997 994 crucis
1019 952 1135 993 inter
1155 958 1321 994 terram
1344 951 1506 994 roberti
1529 953 1582 994 de
1605 952 1847 1007 edynhium
1865 966 2020 994 versus

207 1028 410 1064 austrum
452 1028 495 1064 et
537 1028 701 1064 terram
744 1021 964 1065 Willelmi
1006 1021 1112 1063 ettel
1154 1035 1309 1062 versus
1351 1022 1531 1063 boream
1574 1022 1634 1063 Et
1675 1035 1761 1063 vne
1802 1021 2019 1076 perticate

204 1098 319 1134 terre
354 1092 550 1135 Iacentis
586 1092 631 1134 in
662 1092 760 1135 vico
797 1093 850 1134 de
886 1092 979 1146 foty
1010 1105 1094 1145 que
1126 1092 1350 1145 quondam
1382 1091 1628 1133 vocabatur
1655 1092 1791 1134 rubea
1819 1090 2020 1146 postrina

206 1162 511 1217 cuiuscunque
532 1162 696 1205 valoris
728 1177 825 1204 esse
857 1161 1020 1216 poterit
1043 1161 1282 1203 Tenendos
1305 1167 1348 1202 et
1371 1161 1601 1203 habendos
1632 1175 1711 1215 pro
1740 1160 1859 1203 dicto
1889 1161 2018 1203 altari

203 1232 338 1275 libere
370 1232 538 1287 quiette
570 1231 766 1287 plenarie
789 1238 832 1274 et
865 1231 1107 1273 honorifice
1140 1231 1251 1272 bene
1274 1235 1317 1271 et
1341 1229 1385 1270 in
1421 1243 1530 1284 pace
1558 1229 1653 1271 sine
1686 1229 1835 1284 aliquo
1857 1229 2017 1272 retine-

204 1309 356 1345 mento
387 1303 459 1345 uel
492 1302 642 1357 aliqua
663 1301 988 1344 reclamacione
1014 1300 1101 1342 mei
1134 1300 1348 1341 heredum
1382 1313 1583 1341 meorum
1607 1305 1651 1341 et
1683 1298 2016 1354 assignatorum

204 1372 341 1415 Saluo
377 1371 462 1414 hoc
492 1378 671 1414 tantum
709 1372 826 1425 quod
863 1385 944 1425 ego
981 1385 1061 1425 pro
1093 1384 1193 1412 meo
1234 1376 1452 1424 perpetuo
1489 1375 1532 1411 et
1570 1369 1758 1411 heredes
1800 1369 1887 1411 mei
1925 1369 2017 1412 suis

201 1442 479 1497 temporibus
497 1441 586 1484 sint
603 1441 694 1484 veri
712 1441 889 1496 patroni
908 1441 1107 1483 eiusdem
1126 1439 1359 1482 elimosine
1382 1440 1438 1482 ad
1461 1440 1812 1494 presentandum
1836 1439 2017 1481 domino

203 1511 468 1567 diocyssano
504 1511 829 1555 abberdonensi
869 1525 1007 1553 vnum
1043 1511 1268 1566 ydoneum
1306 1509 1621 1565 cappellanum
1659 1509 1811 1552 diuina
1852 1509 2016 1552 ibidem

203 1581 532 1624 celebraturum
565 1581 956 1636 quocienscunque
982 1595 1095 1635 opus
1126 1579 1259 1622 suerit
1294 1581 1354 1622 Et
1387 1593 1469 1634 ego
1501 1579 1728 1634 predictus
1757 1579 2017 1623 Willelmus

202 1658 245 1694 et
268 1652 454 1694 heredes
476 1651 563 1694 mei
596 1658 639 1694 et
662 1651 749 1694 mei
771 1650 989 1706 assignati
1011 1650 1156 1693 dictas
1179 1665 1255 1692 sex
1287 1664 1461 1692 mercas
1488 1664 1663 1692 annuas
1684 1655 1732 1692 ut
1765 1649 2014 1705 predictum

202 1727 270 1764 est
301 1736 379 1776 per
409 1736 566 1764 omnes
596 1727 739 1764 terras
770 1727 947 1764 nostras
978 1720 1177 1764 redditus
1203 1726 1246 1763 et·
1273 1720 1580 1775 possessiones
1601 1719 2016 1764 Warantizabimus

202 1792 559 1847 acquietabimus
594 1799 637 1835 et
678 1792 976 1847 imperpetum
1014 1791 1303 1850 defendemus
1342 1792 1394 1833 In
1437 1790 1564 1833 cuius
1599 1790 1661 1845 rej
1704 1789 2014 1833 testimonium

200 1862 397 1917 presenti
429 1869 551 1906 carte
584 1862 791 1917 Sigillum
829 1876 980 1904 meum
1013 1868 1079 1904 est
1112 1875 1362 1916 appensum
1395 1867 1438 1904 et
1475 1862 1531 1904 ad
1563 1860 1834 1903 instanciam
1866 1875 2013 1903 meam

199 1939 242 1975 et
279 1932 456 1975 heredis
487 1932 574 1975 mei
608 1932 815 1987 Sigillum
836 1931 1104 1974 venerabilis
1126 1930 1268 1986 patris
1299 1930 1344 1973 in
1377 1930 1545 1973 christo
1574 1930 1742 1973 domini
1765 1929 1834 1973 dei
1863 1930 2014 1985 gracia

201 2003 397 2058 episcopi
429 2002 778 2046 abberdonensis
805 2008 847 2044 et
878 2002 1074 2056 sigillum
1098 2015 1336 2043 commune
1363 2000 1491 2056 burgi
1514 2002 1568 2044 de
1597 2000 1836 2044 abbirdene
1867 2000 2013 2055 gratia

198 2073 443 2128 testimonij
477 2073 761 2128 presentibus
792 2071 956 2127 apponi
989 2071 1225 2126 procuraui
1254 2072 1419 2113 Actum
1452 2077 1495 2114 et
1528 2072 1684 2114 datum
1717 2077 1760 2113 et
1793 2070 2011 2125 scriptum

199 2143 318 2197 apud
350 2142 560 2185 abirdene
583 2142 653 2184 die
685 2142 857 2196 sabbatj
890 2141 1070 2183 infesto
1103 2139 1473 2183 annunciacionis
1505 2141 1633 2184 beate
1666 2139 1805 2183 marie
1826 2139 2012 2195 virginis

198 2213 329 2255 Anno
350 2212 499 2268 gracie
531 2212 770 2254 millesimo
792 2210 1100 2254 tricentesimo
1123 2210 1467 2266 quadragesimo

571 2353 651 2396 EC
675 2358 742 2394 est
763 2367 867 2395 vera
890 2358 932 2394 et
962 2351 1215 2394 indubitata
1237 2351 1366 2406 copia
1395 2357 1515 2394 carte
1538 2349 1767 2406 originalis
1789 2349 2009 2394 Willelmi

627 2425 681 2467 de
732 2423 963 2466 strabroch
1015 2424 1068 2465 de
1120 2437 1197 2464 sex
1248 2422 1409 2465 mercis
1455 2421 1760 2476 stirlingorum
1810 2421 2009 2463 fundatis

420 2493 654 2548 capellano
687 2493 899 2536 seruienti
921 2494 977 2536 ad
1000 2492 1140 2535 altare
1173 2492 1317 2535 sancti
1340 2492 1482 2547 iacobj
1516 2490 1707 2546 apostoli
1740 2505 1817 2546 per
1838 2490 2007 2533 dictum

427 2563 709 2607 Willelmum
761 2563 941 2618 copiata
992 2568 1035 2605 et
1077 2562 1333 2605 auscultata
1374 2576 1426 2605 ac
1468 2560 1767 2604 collacionata
1819 2574 1896 2614 per
1936 2573 2007 2601 me

428 2632 695 2687 magistrum
746 2632 1029 2676 Willelmum
1081 2631 1338 2686 philipsoun
1399 2631 1623 2673 notarium
1684 2629 1912 2685 publicum
1963 2634 2006 2671 et

427 2704 667 2745 concordat
704 2717 806 2745 cum
839 2717 920 2745 sua
953 2701 1157 2757 originali
1189 2708 1314 2745 carta
1346 2702 1399 2744 de
1432 2702 1565 2744 verbo
1597 2700 1642 2742 in
1673 2700 1857 2742 verbum
1890 2699 2006 2753 quod

427 2778 618 2815 attestor
663 2787 741 2828 per
788 2772 1101 2827 cirographum
1144 2786 1295 2814 meum
1343 2771 1448 2814 huic
1491 2770 1708 2825 scripture
1751 2768 2005 2824 appositum

427 2858 544 2886 anno
566 2843 734 2886 domini
766 2843 1005 2886 millesimo
1034 2842 1393 2897 quingentesimo
1415 2842 1627 2885 vicesimo
1657 2846 1782 2883 sexto
1811 2839 1880 2882 die
1901 2852 2005 2881 vero

426 2913 594 2956 mensis
614 2913 862 2957 decembris
884 2913 1057 2956 decimo
1079 2927 1197 2955 nono

269 2674 312 2938 tunqdmfioigqo

322 2832 355 2962 aequos
323 2762 349 2814 iso
323 2677 356 2745 ogH
