2524 3418
79 929 136 961 sol.
156 927 215 962 74²

365 324 444 366 186
987 316 1116 359 Carta
1149 314 1195 356 N
1199 312 1351 355 icholai
1384 311 1548 353 baxstar

365 452 516 482 carum
547 436 590 479 in
614 441 709 478 toto
731 434 799 476 vel
833 433 877 475 in
910 437 1034 486 parte
1065 431 1117 471 de
1147 427 1278 470 dictis
1306 426 1437 468 terris
1465 424 1601 479 leuarj
1634 438 1722 466 non
1745 422 1906 478 poterit
1938 420 2169 463 annuatim

367 507 480 548 Volo
503 512 545 547 et
576 518 653 558 pro
682 517 750 544 me
781 508 823 543 et
853 498 1088 542 heredibus
1117 495 1228 538 meis
1257 495 1452 537 concedo
1475 493 1591 547 quod
1623 493 1747 533 Idem
1771 504 1946 532 annuus
1974 488 2173 530 redditus

367 576 420 617 de
463 572 602 614 firmis
644 569 842 612 omnium
886 566 1125 609 croftorum
1169 577 1368 605 meorum
1406 563 1459 604 de
1495 560 1688 603 Abirden
1731 558 1918 613 singulis
1959 557 2089 599 annis
2129 563 2173 600 et

369 642 551 685 statutis
574 639 775 682 terminis
797 639 970 679 leuetur
992 642 1034 677 et
1058 633 1329 689 percipiatur
1351 632 1481 674 modo
1504 637 1547 672 et
1573 630 1715 672 forma
1737 628 1897 684 quibus
1920 641 2052 682 supra
2073 627 2174 669 volo

371 711 505 753 etiarn
537 716 578 750 et
603 707 755 749 ordino
778 719 855 760 pro
878 710 1091 758 perpetuo
1120 701 1351 755 capellano
1381 698 1578 754 predicto
1607 697 1679 752 quj
1712 711 1789 751 pro
1817 702 2017 750 ternpore
2044 694 2174 737 fuerit

373 781 427 822 ad
451 779 743 832 quodeunque
771 773 890 815 aliud
916 770 1180 814 beneficium
1213 774 1416 823 promoto
1439 767 1570 808 liceat
1595 765 1702 807 mihi
1726 771 1768 806 et
1800 763 2036 806 heredibus
2065 762 2176 805 meis

375 845 587 889 masculis
610 843 746 886 alium
770 840 1052 895 capellanum
1070 839 1292 893 ydoneum
1315 837 1370 878 ad
1387 835 1575 877 eandem
1598 832 1894 888 capellaniam
1916 837 2177 886 perpetuam

375 920 630 970 presentare
654 912 714 952 Et
748 909 783 952 si
807 923 884 964 per
905 906 1185 950 dimisionem
1208 905 1276 946 vel
1300 910 1488 946 mortem
1518 901 1716 957 perpetuj
1751 899 1971 955 capellanj
1997 899 2069 954 quj
2101 913 2180 954 pro

376 991 574 1036 ternpore
596 978 726 1022 fuerit
750 978 805 1020 ad
827 976 994 1019 dictam
1017 972 1313 1029 capellaniam
1337 971 1399 1013 sic
1416 977 1654 1013 vacantem
1672 983 1750 1024 per
1771 968 1856 1023 mej
1875 968 1944 1010 vel
1967 968 2180 1010 heredum

378 1063 577 1093 meorum
596 1046 898 1089 masculorum
913 1041 1232 1098 negligentiam
1249 1041 1364 1083 alius
1379 1039 1638 1094 capellanus
1651 1038 1850 1093 ydoneus
1864 1036 1977 1079 infra
1995 1037 2182 1091 quadra-

379 1119 502 1174 ginta
539 1116 632 1159 dies
667 1122 774 1157 tunc
814 1111 1080 1155 Immediate
1117 1114 1355 1164 sequentes
1388 1121 1476 1149 non
1508 1105 1638 1148 fuerit
1675 1110 1958 1161 presentatus
1991 1104 2107 1147 Volo
2139 1109 2184 1147 et

380 1187 574 1230 concedo
597 1198 675 1240 pro
698 1197 769 1224 me
791 1188 833 1223 et
860 1179 1096 1223 heredibus
1125 1177 1236 1219 meis
1265 1177 1381 1232 quod
1411 1174 1662 1230 prepositus
1684 1179 1726 1216 et
1749 1172 2049 1216 communitas
2078 1171 2184 1215 dicti

381 1254 506 1309 burgi
548 1254 602 1295 de
644 1251 851 1294 abirdene
894 1249 979 1291 Illa
1019 1247 1115 1288 vice
1157 1246 1291 1288 libere
1340 1244 1572 1298 disponere
1618 1242 1797 1284 valeant
1839 1242 1892 1284 de
1937 1240 2186 1296 capellania

383 1320 640 1378 supradicta
677 1319 884 1361 Preterea
916 1315 952 1358 si
985 1313 1215 1368 contingat
1253 1312 1370 1367 quod
1407 1310 1522 1354 absit
1553 1316 1599 1352 vt
1632 1311 1685 1353 de
1717 1324 1898 1365 corpore
1935 1323 2034 1352 meo
2070 1309 2187 1364 quod

383 1391 568 1434 heredes
600 1386 787 1441 masculj
822 1399 911 1427 non
943 1384 1184 1439 procedant
1207 1381 1322 1423 Volo
1350 1386 1393 1422 et
1422 1380 1617 1422 concedo
1646 1379 1762 1434 quod
1796 1379 1873 1421 Ius
1901 1377 2185 1433 presentandj

385 1460 440 1502 ad
469 1456 713 1513 predictam
743 1451 1040 1508 capellaniam
1070 1451 1125 1492 ad
1154 1447 1429 1504 prepositum
1459 1453 1501 1489 et
1528 1446 1898 1489 communitatem
1928 1445 2034 1489 dicti
2062 1446 2189 1501 burgi

387 1526 651 1570 deuoluatur
672 1528 885 1578 perpetuo
916 1521 1104 1574 Insuper
1131 1517 1231 1559 volo
1261 1522 1303 1558 et
1333 1517 1522 1558 decerno
1545 1529 1622 1570 pro
1649 1529 1719 1557 me
1743 1521 1786 1556 et
1815 1514 2051 1557 heredibus
2073 1515 2190 1570 quod

388 1595 534 1638 dictus
577 1591 849 1646 Capellanus
890 1588 1006 1630 dicte
1048 1584 1295 1640 capellanie
1342 1583 1515 1626 intersit
1557 1582 1678 1625 horis
1719 1582 1946 1625 canonicis
1986 1582 2031 1625 in
2073 1583 2192 1626 dicta

389 1661 577 1706 ecclesia
605 1657 806 1703 celibrari
836 1655 1062 1699 consuetis
1092 1655 1151 1696 Et
1174 1668 1255 1708 ego
1276 1667 1380 1694 vero
1402 1651 1628 1706 predictus
1655 1651 1863 1694 henricus
1891 1651 2075 1694 heredes
2103 1651 2190 1707 mej

390 1739 433 1775 et
456 1731 541 1785 mej
567 1726 781 1783 assignatj
810 1724 978 1780 predict
1003 1737 1059 1765 ,sn
1083 1736 1282 1765 annuum
1304 1720 1525 1762 redditum
1548 1720 1701 1762 decem
1725 1733 1974 1762 mercarum
1997 1719 2195 1774 predicto

390 1799 622 1855 capellano
659 1801 872 1851 perpetuo
906 1792 978 1847 quj
1013 1805 1091 1846 pro
1127 1797 1326 1845 ternpore
1361 1787 1491 1830 fuerit
1525 1789 1657 1830 modo
1688 1794 1731 1830 et
1766 1788 1909 1830 forma
1939 1788 2196 1844 prescriptis

391 1874 546 1911 contra
575 1878 730 1908 omnes
759 1861 971 1904 mortales
998 1857 1377 1901 varantizabimus
1409 1855 1766 1911 acquietabimus
1794 1862 1837 1898 et
1869 1856 2195 1912 imperpetuum

391 1935 679 1979 defendemus
712 1932 764 1973 In
798 1929 924 1972 cuius
956 1926 1018 1969 rei
1052 1925 1360 1969 testimonium
1398 1923 1592 1979 sigillum
1630 1938 1779 1966 meum
1813 1924 2094 1979 presentibus
2129 1931 2197 1968 est

393 2015 640 2058 appensum
662 2012 854 2041 vnacum
884 1995 1029 2051 sigillo
1050 1992 1279 2047 reuerendj
1311 1992 1356 2034 in
1385 1991 1553 2034 christo
1581 1992 1722 2046 patris
1750 2006 1802 2035 ac
1831 1992 1997 2048 dominj
2028 1993 2195 2050 dominj

393 2071 560 2125 henricj
596 2067 792 2124 episcopi
814 2063 1134 2108 Abirdonensis
1166 2069 1209 2105 et
1242 2060 1580 2104 communitatis
1609 2061 1715 2104 dicti
1747 2061 1873 2116 burgi
1905 2063 1958 2104 de
1990 2061 2199 2106 abirdene

395 2142 585 2186 testibus
621 2138 819 2195 predicto
855 2135 1098 2178 reuerendo
1139 2133 1184 2175 in
1220 2132 1387 2175 christo
1428 2137 1554 2186 patre
1595 2146 1647 2173 ac
1688 2131 1868 2174 domino
1910 2131 2090 2174 henrico
2131 2132 2200 2175 dei

397 2212 541 2268 gratia
583 2209 808 2264 Episcopo
850 2203 1132 2248 abirdonensi
1173 2202 1353 2245 domino
1391 2201 1629 2243 alexandro
1663 2201 1809 2243 sorbes
1845 2201 1986 2244 milite
2022 2201 2203 2245 domino

399 2281 596 2324 eiusdem
625 2278 826 2321 Iohanne
852 2273 1049 2329 scroggis
1075 2280 1181 2315 tunc
1207 2270 1431 2327 preposito
1457 2269 1562 2313 dicti
1591 2270 1717 2325 burgi
1740 2272 1792 2313 de
1818 2271 2000 2314 abirden
2025 2271 2203 2316 Thoma

401 2351 454 2392 de
488 2361 664 2391 camera
701 2346 900 2388 Iohanne
931 2357 1055 2386 waus
1087 2342 1273 2397 gilberto
1310 2354 1488 2382 menzes
1521 2340 1739 2394 stephano
1777 2341 1992 2384 Iohannis
2024 2342 2202 2386 Thoma

402 2417 665 2462 blindschell
688 2414 982 2470 burgensibus
1004 2412 1111 2455 dieti
1143 2411 1268 2466 burgi
1299 2411 1538 2452 alexandro
1567 2411 1620 2452 de
1649 2424 1826 2453 camera
1855 2412 2036 2454 mathea
2056 2413 2205 2456 fechat

403 2496 510 2531 tunc
541 2486 721 2530 balliuis
756 2484 952 2526 villelmo
985 2483 1247 2525 aikinsoune
1283 2480 1522 2523 malcolmo
1555 2479 1722 2522 sissour
1748 2486 1856 2523 tunc
1891 2481 2075 2524 bedellis
2104 2496 2205 2525 cum

407 2556 560 2600 multis
582 2555 682 2610 alijs
701 2555 754 2597 In
777 2567 893 2596 anno
916 2551 1081 2606 dominj
1106 2564 1257 2593 mcccc
1279 2548 1619 2604 quadragesimo
1641 2555 1798 2603 quarto
1820 2549 1889 2593 die
1912 2551 2078 2593 mensis
2100 2551 2205 2607 maij

583 2693 680 2734 Hec
707 2697 773 2733 est
799 2704 903 2732 vera
929 2689 1056 2743 copia
1083 2694 1203 2730 carte
1230 2685 1488 2741 principalis
1512 2684 1791 2728 fundacionis
1818 2687 2112 2731 collacionata
2133 2702 2211 2744 per

547 2788 553 2794 ·
582 2776 651 2803 me
673 2759 896 2802 notarium
918 2758 1145 2812 publicum
1164 2755 1463 2810 subscriptum

672 2831 742 2872 Ita
765 2836 832 2872 est
857 2829 1081 2871 Iohannes
1106 2827 1320 2881 Kennedy
1341 2824 1541 2868 notarius
1563 2824 1766 2880 publicus
1789 2839 1925 2869 manu
1947 2827 2123 2882 propria

467 2709 509 2875 tunqdmss

520 2731 552 2836 osum

2516 1518 2521 1528 ι
2513 1420 2524 1507 νῶι·-

2518 1605 2524 1653 -..
2515 1528 2524 1567 ιν·ι
