2524 3418
198 616 253 647 sol.
272 613 334 647 59²

198 2221 219 2251 4
236 2210 282 2242 lib
299 2211 338 2242 of
348 2222 389 2252 yc

200 2254 327 2285 Landis
343 2255 382 2286 os

202 2297 385 2338 Mandynis

498 354 576 406 148
770 352 1042 407 Confirmatio
1073 352 1196 394 Carta
1227 350 1463 391 Alexandri
1487 349 1698 405 pctkarinc
1730 349 1776 390 dc
1807 349 2024 390 Mondim's

1301 509 1488 551 LXXX.

565 605 604 646 N
650 603 719 646 die
759 601 952 645 Nomine
993 603 1135 644 Amen
1179 602 1263 644 Per
1303 602 1387 644 hoc
1429 615 1612 656 presens
1662 599 1888 656 publicum
1938 602 2292 644 Instrumentum

622 671 807 716 Cunctis
838 677 989 726 pateat
1015 670 1245 713 euidenter
1270 672 1386 726 quod
1409 673 1538 713 Anno
1563 671 1619 713 ab
1653 669 1966 714 Incarnatione
1997 670 2162 725 dominj
2197 670 2294 713 mil-

494 740 650 783 lesimo
687 739 1125 795 quadringentesimo
1161 739 1466 795 octuagesimo
1507 739 1650 795 primo
1693 738 1860 782 mensis
1894 753 1998 782 vero
2034 739 2187 795 marcij
2225 739 2296 783 die

493 810 705 852 vicesima
742 811 937 851 secunda
975 808 1217 852 indictione
1252 808 1410 852 vltima
1446 808 1735 864 pontificatus
1771 808 2042 864 sanctissimj
2080 808 2126 851 in
2162 807 2298 851 cristo

494 879 632 934 patris
663 879 829 934 dominj
864 879 1003 921 nostri
1036 879 1203 935 dominj
1238 879 1350 922 sexti
1383 879 1534 923 diuina
1564 879 1842 936 prouidentia
1870 895 1984 936 pape
2011 879 2154 936 quartj
2179 895 2297 924 anno

493 947 726 990 vndecimo
760 950 812 990 In
843 948 1108 991 venerabilis
1139 948 1220 991 viri
1250 948 1453 1005 magistri
1485 949 1647 993 roberti
1681 950 1970 993 halkerstoun
2003 949 2296 1005 commissarij

497 1018 745 1060 Reuerendi
768 1018 908 1073 patris
924 1019 1143 1062 Willelmi
1161 1019 1289 1075 electj
1317 1019 1557 1063 Rossensis
1579 1020 1830 1064 confirmati
1847 1034 1899 1063 ac
1918 1019 2297 1077 Reuerendissimj

495 1088 538 1130 in
572 1088 708 1130 cristo
744 1089 885 1143 patris
921 1095 964 1131 et
1001 1089 1168 1132 domini
1202 1090 1369 1146 dominj
1407 1090 1625 1146 Willelmj
1660 1090 1945 1134 miseratione
1976 1090 2128 1134 diuina
2158 1089 2300 1134 archi-

494 1157 690 1212 episcopi
709 1158 1029 1201 Sanctiandree
1047 1159 1159 1202 infra
1177 1166 1328 1214 partes
1346 1160 1552 1203 laudonie
1570 1160 1771 1204 officialis
1785 1175 1862 1216 pro
1876 1160 2086 1204 tribunali
2104 1159 2301 1203 sedentis

496 1226 670 1281 meique
693 1227 852 1282 notarij
881 1228 1046 1282 publici
1065 1236 1107 1271 et
1130 1229 1314 1272 testium
1341 1230 1724 1286 infrascriptorum
1753 1230 1983 1286 presencia
2009 1229 2302 1285 personaliter

494 1297 766 1340 constitutus
808 1299 1022 1353 magister
1064 1300 1290 1343 Iohannes
1330 1302 1384 1344 de
1421 1316 1599 1345 camera
1641 1308 1876 1345 succentor
1917 1300 2212 1345 morauiensis
2249 1315 2301 1344 ac

495 1367 695 1421 magistri
719 1367 954 1422 hospitalis
981 1370 1124 1412 sancti
1155 1371 1308 1414 thome
1331 1372 1384 1414 de
1405 1370 1614 1414 abirdene
1647 1371 1782 1414 michi
1814 1370 1987 1415 notario
2018 1370 2300 1426 infrascripto

494 1450 545 1479 ac
569 1436 710 1479 scribe
733 1437 852 1479 curie
886 1438 991 1480 dicti
1027 1440 1278 1495 Reuerendj
1314 1440 1454 1496 patris
1476 1440 1678 1484 officialis
1700 1442 1924 1496 quandam
1952 1446 2121 1484 cartam
2154 1439 2300 1495 sigillo

494 1505 720 1548 alexandri
762 1506 987 1560 petcairne
1029 1509 1082 1550 de
1124 1509 1348 1552 mondinis
1384 1511 1577 1565 quodam
1619 1510 1799 1553 domino
1841 1509 2083 1565 sigillatam
2118 1508 2300 1552 tradidit

495 1577 810 1631 perlegendum
853 1584 1053 1620 tenorem
1091 1580 1163 1634 quj
1209 1580 1409 1635 sequitur
1445 1581 1749 1624 continentem
1792 1581 2085 1624 OMNIBUS
2127 1580 2301 1622 HANC

497 1646 752 1689 CARTAM
771 1647 932 1690 visuris
954 1648 1023 1690 uel
1047 1650 1266 1692 audituris
1283 1650 1534 1694 Alexander
1550 1651 1780 1706 petkarine
1797 1651 1850 1694 de
1868 1649 2092 1703 mondinis
2109 1649 2301 1693 salutem

497 1718 541 1760 in
564 1719 744 1762 domino
767 1720 1086 1775 sempiternam
1111 1721 1339 1764 Noueritis
1371 1737 1442 1765 me
1463 1722 1656 1766 vtilitate
1679 1737 1779 1766 mea
1800 1721 1844 1764 in
1866 1722 1951 1765 hac
1977 1727 2103 1777 parte
2124 1719 2302 1776 preuisa

497 1796 540 1831 et
569 1789 803 1844 diligenter
832 1790 1112 1834 considerata
1141 1793 1196 1834 ad
1227 1792 1375 1835 debita
1405 1807 1505 1836 mea
1533 1792 1803 1848 acquitanda
1828 1791 1873 1834 in
1905 1791 2065 1847 quibus
2090 1804 2196 1846 erga
2226 1803 2301 1845 pa-

496 1865 588 1901 tres
616 1859 857 1902 creditores
882 1866 1082 1915 tempore
1112 1861 1402 1904 confectionis
1430 1861 1709 1918 presencium
1739 1860 1865 1904 extiti
1891 1866 2101 1903 oneratus
2128 1858 2303 1902 dedisse

497 1928 772 1971 concessisse
797 1936 841 1971 et
862 1930 1068 1972 vendisse
1098 1930 1317 1986 tituloque
1339 1946 1447 1987 pure
1467 1930 1743 1975 vendicionis
1771 1930 1992 1974 alienasse
2019 1935 2063 1972 et
2091 1928 2176 1972 hac
2207 1941 2302 1983 pre-

498 1997 612 2040 senti
645 2005 768 2040 carta
804 2013 904 2041 mea
936 2000 1225 2042 confirmasse
1257 2001 1500 2045 venerabili
1531 2007 1574 2044 et
1607 2000 1932 2056 circumspecto
1961 1998 2056 2042 viro
2087 1996 2302 2053 magistro

500 2067 691 2110 Iohanni
714 2068 802 2110 clat
833 2075 877 2111 et
910 2069 1002 2111 suis
1037 2070 1279 2125 assignatis
1308 2085 1446 2113 vnum
1477 2085 1676 2114 annuum
1709 2070 1930 2113 redditum
1953 2083 2031 2112 sex
2051 2081 2300 2110 mercatum

496 2136 664 2178 vsualis
696 2144 873 2180 monete
905 2137 1050 2181 scocie
1082 2146 1317 2182 exeuntem
1354 2140 1588 2183 annuatim
1621 2140 1862 2183 leuandum
1895 2144 1938 2181 et
1969 2135 2302 2193 percipiendum

497 2206 553 2247 ad
576 2220 736 2248 manus
757 2207 958 2262 proprias
980 2208 1086 2250 dicti
1109 2209 1313 2264 magistri
1347 2209 1563 2253 Iohannis
1595 2216 1638 2252 et
1671 2208 2002 2264 assignatorum
2035 2220 2216 2249 suorum
2249 2206 2302 2248 de

497 2274 626 2316 terris
657 2275 769 2317 meis
800 2276 853 2318 de
885 2276 1109 2319 mondinis
1131 2284 1174 2320 et
1207 2277 1461 2333 specialiter
1491 2278 1608 2322 dele
1639 2277 1856 2321 estirtoun
1889 2283 1932 2319 et
1954 2275 2236 2321 Westirtoun
2258 2280 2302 2317 et

497 2342 805 2386 deficientibus
841 2343 929 2387 illis
965 2346 1018 2388 de
1054 2346 1162 2389 totis
1197 2347 1328 2390 terris
1369 2347 1482 2391 meis
1518 2349 1572 2391 de
1609 2347 1833 2391 mondinis
1874 2361 1976 2390 cum
2017 2344 2305 2401 pertinenciis

498 2412 754 2455 Iacentibus
790 2413 835 2456 in
877 2415 1059 2459 baronia
1091 2418 1144 2459 de
1176 2418 1401 2461 mondinis
1432 2418 1546 2462 infra
1586 2417 1951 2462 vicecomitatum
1983 2417 2037 2459 de
2071 2413 2301 2458 kincardin

498 2495 576 2535 pro
598 2483 790 2535 quadam
815 2490 935 2526 certa
958 2499 1135 2528 summa
1157 2486 1344 2540 pecunie
1362 2502 1497 2542 quam
1515 2486 1663 2530 dictus
1684 2487 1900 2542 magister
1923 2485 2150 2528 Iohannes
2166 2482 2302 2526 michi

498 2550 542 2592 in
566 2566 665 2594 mea
687 2567 851 2607 magna
873 2561 916 2596 et
938 2555 1110 2610 vrgenti
1143 2557 1412 2601 necessitate
1443 2557 1488 2600 in
1521 2557 1710 2613 pecunia
1735 2563 1971 2600 numerata
1992 2555 2182 2599 fideliter
2209 2568 2303 2610 per-

498 2619 699 2663 soluebat
731 2621 996 2666 Tenendum
1029 2631 1072 2667 et
1105 2625 1360 2668 habendum
1393 2633 1540 2669 totum
1573 2633 1616 2669 et
1649 2625 1872 2681 integrum
1902 2625 2071 2668 dictum
2104 2637 2302 2667 annuum

496 2689 717 2732 redditum
750 2706 826 2734 sex
858 2708 1107 2737 mercarum
1140 2710 1241 2737 cum
1274 2695 1562 2753 pertinenciis
1593 2697 1764 2752 prefato
1797 2695 2012 2751 magistro
2045 2693 2235 2748 Iohannj
2259 2698 2303 2735 et

498 2757 740 2813 assignatis
763 2760 854 2802 suis
877 2763 930 2804 de
953 2777 1022 2804 me
1045 2763 1282 2807 heredibus
1304 2771 1347 2807 et
1370 2764 1613 2820 assignatis
1636 2764 1748 2808 meis
1770 2763 1815 2806 in
1836 2764 1964 2807 feodo
1986 2769 2029 2806 et
2058 2761 2303 2805 hereditate

497 2825 824 2882 imperpetuum
866 2832 922 2873 ad
959 2833 1069 2874 duos
1100 2833 1204 2888 annj
1243 2833 1460 2877 terminos
1496 2834 1676 2878 vsuales
1713 2833 1986 2889 penticostes
2016 2830 2222 2875 videlicet
2259 2835 2303 2872 et

497 2897 639 2950 sanctj
679 2899 857 2953 martinj
897 2899 942 2942 in
979 2900 1125 2944 hieme
1167 2916 1246 2956 per
1285 2903 1468 2956 equales
1503 2902 1738 2957 porciones
1774 2918 1876 2946 cum
1913 2900 2121 2945 omnibus
2156 2897 2306 2941 liberis

498 2973 720 3018 potestate
742 2975 785 3009 et
808 2969 1021 3012 facultate
1039 2985 1196 3013 omnes
1214 2978 1256 3013 et
1280 2972 1482 3027 singulas
1503 2980 1646 3015 terras
1664 2987 1789 3016 meas
1811 2972 2034 3028 predictas
2051 2983 2152 3012 cum
2175 2967 2306 3024 perti-
