2524 3418
831 321 1044 362 Fundatio
1074 321 1100 362 I
1102 321 1217 376 acobj
1248 321 1435 364 Colisone
1963 333 2042 376 125

238 437 450 479 mortales
485 434 865 479 varantizabimus
907 434 1262 490 acquietabimus
1303 442 1346 478 et
1388 435 1716 491 imperpetuum
1754 436 2042 479 defendemus

236 506 444 550 omnibus
479 506 631 549 fraude
669 512 711 548 et
748 505 849 547 dolo
887 505 1074 548 seclusis
1113 507 1165 547 In
1208 520 1393 560 quorum
1437 505 1636 548 omniurn
1680 511 1722 548 et
1766 505 2042 561 singulorum

236 578 369 620 fidem
401 583 444 620 et
476 576 784 619 testimonium
819 575 1026 631 Sigillum
1059 582 1260 618 nostrum
1295 591 1531 619 commune
1562 582 1604 618 et
1628 575 1823 631 sigillum
1856 575 2043 618 honora-

237 648 338 691 bilis
382 647 464 690 viri
510 646 684 703 patricij
733 646 870 702 lesley
913 646 1100 689 senioris
1144 647 1275 689 vnius
1321 646 1427 689 dicti
1479 646 1605 702 burgi
1651 646 1696 688 in
1742 645 1920 701 signum
1967 660 2044 688 sue

238 717 535 774 possessionis
572 724 675 760 sunt
712 731 910 772 appensa
947 718 1064 772 apud
1099 719 1289 760 eundem
1325 717 1538 760 vicesimo
1572 716 1641 759 die
1679 716 1846 759 mensis
1880 715 2045 770 Aprilis

239 803 356 831 anno
378 787 545 842 dominj
571 786 810 829 millesimo
833 785 1192 841 quingentesimo
1215 786 1388 829 decimo
1407 801 1524 829 nono
1544 786 1832 829 Presentibus
1857 786 2044 828 honora-

239 858 400 902 bilibus
430 857 536 900 viris
569 856 762 900 Ricardo
795 857 941 900 Waus
973 858 1180 899 duncano
1217 872 1315 899 mar
1347 857 1481 900 dauid
1513 863 1630 900 arrot
1663 856 1958 912 burgensibus
1992 857 2046 898 de

239 928 419 971 abirden
442 941 690 970 normanno
713 926 851 982 lesley
873 928 1117 982 sergeando
1139 933 1182 969 et
1206 927 1420 983 magistro
1443 927 1577 970 dauid
1599 927 1831 970 nicolsoun
1858 925 2046 970 Notario

239 997 416 1054 publico
438 1012 490 1041 ac
513 997 658 1041 scriba
679 996 799 1040 curie

419 1103 518 1145 Hec
540 1109 607 1145 est
629 1117 733 1146 vera
755 1108 798 1145 et
820 1101 1073 1145 indubitata
1095 1102 1223 1158 copia
1245 1102 1542 1146 collacionata
1573 1110 1616 1146 et
1649 1104 1904 1148 auscultata
1926 1111 2046 1147 carte

413 1172 619 1216 ministro
642 1179 796 1216 sancte
818 1172 1034 1215 trinitatis
1057 1173 1302 1228 capellanis
1324 1181 1367 1216 et
1391 1180 1545 1217 curato
1568 1176 1671 1217 date
1694 1182 1736 1218 et
1760 1190 1971 1218 concesse
1993 1177 2046 1218 de

412 1249 530 1286 terra
552 1244 776 1298 quondam
809 1242 978 1285 domini
1006 1243 1223 1286 Iohannis
1255 1244 1421 1300 heruey
1443 1244 1487 1286 in
1509 1244 1607 1287 vico
1628 1245 1756 1288 viridi
1779 1247 1834 1289 ad
1856 1246 2046 1288 feudifir-

414 1327 534 1355 mam
567 1327 644 1368 per
674 1327 745 1355 me
782 1312 1048 1368 magistrum
1081 1313 1363 1357 Willelmum
1406 1314 1662 1370 philipsoun
1704 1315 2047 1359 auctoritatibus

413 1381 563 1437 papali
601 1388 644 1424 et
682 1381 901 1437 imperiali
938 1382 1162 1425 notarium
1200 1383 1429 1438 publicum
1467 1391 1510 1426 et
1548 1386 1788 1428 concordat
1826 1400 1927 1428 cum
1966 1401 2047 1429 sua

414 1451 618 1506 originali
641 1459 765 1495 carta
787 1453 840 1495 de
861 1454 994 1496 verbo
1017 1452 1062 1495 in
1084 1454 1267 1496 verbum
1300 1455 1418 1508 quod
1450 1460 1640 1497 attestor
1671 1454 1756 1497 hac
1788 1469 1924 1497 manu
1947 1470 2047 1497 mea

413 1521 591 1577 propria
631 1529 674 1565 et
716 1522 1012 1578 chirographo
1054 1523 1157 1567 huic
1200 1524 1406 1579 apposito
1443 1539 1561 1567 anno
1597 1524 1764 1580 dominj
1809 1524 2048 1567 millesimo

414 1591 773 1647 quingentesimo
794 1592 1007 1636 vicesimo
1030 1593 1100 1636 die
1120 1608 1225 1637 vero
1248 1594 1416 1637 mensis
1438 1594 1592 1650 aprilis
1612 1594 1825 1637 vicesimo
1848 1594 2003 1649 quinto

761 1664 921 1706 Frater
941 1662 1141 1707 ricardus
1164 1679 1344 1720 murray
1366 1664 1570 1707 minister
1592 1679 1728 1708 manu
1750 1665 1928 1720 propria

757 1733 893 1776 frater
913 1733 1048 1777 dauid
1070 1734 1193 1777 clark
1214 1749 1351 1777 manu
1373 1735 1551 1790 propria

759 1803 896 1846 frater
916 1818 1075 1859 symon
1097 1819 1206 1859 gray
1228 1818 1365 1847 manu
1388 1803 1566 1860 propria

761 1887 840 1928 pro
862 1874 991 1917 nobis
1012 1880 1056 1917 et
1078 1875 1244 1917 nostris
1266 1875 1600 1919 successoribus

305 1508 338 1639 aqusos
295 1215 338 1488 uqumfionqo

1052 2073 1223 2115 LXIX.

322 2165 536 2207 Fundatio
556 2166 582 2207 I
583 2165 700 2221 acobj
721 2166 910 2209 Colisone
930 2171 1072 2209 curato
1091 2171 1128 2208 et
1148 2166 1359 2223 capellinis
1380 2166 1496 2209 chore
1516 2165 1674 2209 ecclesie
1695 2166 1742 2208 de
1762 2165 1974 2207 Abirdene

1025 2251 1135 2278 anno
1160 2248 1269 2291 1519

369 2329 619 2372 MNIBUS
661 2329 778 2373 hanc
816 2331 1000 2374 Cartam
1041 2330 1205 2374 visuris
1240 2331 1309 2374 vel
1346 2330 1566 2374 audituris
1609 2331 1801 2373 Iacobus
1838 2328 2052 2373 Colisoun

425 2397 659 2454 burgensis
680 2400 734 2442 de
756 2399 966 2442 abirdene
989 2400 1207 2443 Eternam
1230 2399 1275 2442 in
1298 2399 1479 2443 domino
1509 2399 1701 2443 salutem
1725 2397 1876 2441 animo
1898 2399 2052 2441 aduer-

247 2474 342 2511 tato
364 2474 407 2511 et
430 2468 710 2512 considerato
732 2469 1022 2525 exiguitatem
1039 2470 1255 2526 temporis
1269 2470 1490 2527 presentis
1507 2469 1645 2513 seculi
1663 2468 2051 2525 longanimitatem

248 2537 384 2581 futuri
424 2538 652 2582 letabundi
694 2539 873 2595 quidem
915 2540 1002 2583 hiis
1038 2541 1111 2596 quj
1151 2542 1267 2584 bona
1303 2541 1348 2583 in
1384 2540 1478 2583 vita
1514 2555 1595 2583 sua
1632 2545 1817 2595 egerunt
1854 2544 1897 2581 et
1933 2536 2052 2593 pleni

249 2607 473 2650 anxietate
510 2615 553 2651 et
593 2609 784 2653 tristicia
824 2611 1249 2654 contrafacientibus
1289 2611 1609 2667 perpetualiter
1648 2609 1848 2653 duraturi
1883 2608 2053 2651 Volens

252 2677 395 2732 Igitur
415 2677 532 2720 diem
554 2679 737 2735 extremj
765 2680 923 2736 Iudicij
948 2681 1154 2737 operibus
1183 2680 1484 2724 misericordie
1505 2680 1736 2736 preuenire
1758 2685 1806 2722 ut
1830 2678 2054 2721 saminata

249 2747 293 2789 in
330 2747 459 2790 terris
495 2748 731 2804 multiplici
766 2751 912 2794 fructu
947 2752 1221 2807 collegamus
1258 2751 1302 2794 in
1341 2751 1447 2794 celis
1483 2752 1613 2794 Vnde
1650 2748 1864 2793 noueritis
1902 2762 1972 2790 me
2008 2747 2053 2789 in

249 2817 462 2860 honorem
485 2817 555 2860 dei
577 2819 898 2875 omnipotentis
919 2821 1175 2865 intimerate
1198 2822 1396 2865 eiusdem
1419 2821 1656 2878 genetricis
1675 2819 1812 2863 marie
1835 2818 2054 2862 omnium-

250 2902 334 2942 que
356 2887 588 2931 celestium
612 2889 776 2933 ciuium
798 2905 877 2946 pro
900 2892 1044 2935 salute
1067 2892 1215 2939 anime
1242 2907 1339 2935 mee
1359 2907 1545 2935 vxorum
1567 2892 1753 2934 fratrum
1776 2889 2055 2945 proliumque

252 2964 487 3012 parentum
511 2959 843 3003 benefactorum
877 2976 1076 3005 meorum
1110 2962 1450 3017 animarumque
1473 2976 1624 3004 eorum
1658 2976 1683 3003 a
1716 2960 1876 3014 quibus
1907 2958 2056 3012 aliqua

2085 2181 2142 2211 fol.
2160 2181 2199 2213 51
2212 2179 2223 2199 ยน
