2524 3418
174 2439 229 2471 sol.
251 2438 291 2471 8¹

475 274 528 305 20
1247 263 1499 317 Fragmenta

474 387 647 420 vastam
674 380 899 420 Iacentem
921 378 962 419 in
981 379 1135 420 eodem
1152 377 1248 419 vico
1271 377 1385 419 inter
1408 385 1570 419 terram
1597 375 1809 419 Iohannis
1834 375 1975 418 Gouis
1992 390 2043 418 ex
2061 382 2186 431 parte
2203 390 2272 419 oc-

474 448 681 491 cidentali
706 457 747 490 et
771 449 887 490 viam
919 449 1085 502 regiam
1110 462 1160 489 ex
1184 455 1309 502 parte
1332 447 1535 489 orientali
1562 448 1674 488 Item
1705 454 1894 501 quatuor
1923 445 2088 488 solidos
2110 453 2152 488 et
2175 445 2274 500 iiij⁰r

472 518 678 560 denarios
703 519 755 560 de
782 527 900 560 terra
932 518 1083 559 thome
1116 517 1260 558 litster
1295 518 1474 559 Iacente
1504 531 1560 559 on
1593 517 1685 570 [sic]
1717 517 1814 558 vico
1844 515 2058 570 superiori
2087 516 2273 558 ecclesie

472 587 586 629 inter
608 595 769 629 terram
804 589 884 629 ade
917 587 1061 628 litster
1083 601 1134 628 ex
1157 593 1283 640 parte
1305 585 1469 629 boreali
1492 591 1534 628 et
1558 593 1720 628 terram
1754 586 1906 628 thome
1937 585 2051 640 trayl
2074 599 2126 627 ex
2148 592 2274 640 parte

471 656 654 698 australi
683 657 741 697 Et
769 656 904 698 alium
935 670 1132 698 annuum
1165 655 1386 698 redditum
1415 669 1490 697 sex
1516 655 1756 698 solidorum
1787 664 1830 699 et
1859 662 1960 699 octo
1991 655 2273 698 denariorum

470 727 522 768 de
541 734 658 768 terra
681 725 785 768 dicti
809 726 960 767 thome
983 725 1095 768 traal
1123 726 1302 767 Iacente
1319 724 1363 766 in
1381 726 1536 768 eodem
1554 725 1651 768 vico
1674 725 1788 768 inter
1809 732 1974 769 terram
1993 724 2099 768 dicti
2121 725 2274 768 thome

469 795 613 837 litster
633 808 685 836 ex
708 801 832 849 parte
861 794 1024 838 boreali
1048 801 1090 837 et
1113 801 1276 837 terram
1309 795 1462 837 thome
1488 795 1589 838 club
1611 809 1663 836 ex
1686 802 1810 850 parte
1842 795 2026 838 australi
2055 796 2114 838 Et
2136 809 2272 838 vnum

468 878 667 907 annuum
697 864 917 907 redditum
940 863 1096 919 viginti
1123 863 1404 907 denariorum
1427 865 1480 907 de
1502 871 1618 907 terra
1646 865 1751 907 dicti
1781 865 1933 908 thome
1962 866 2063 909 club
2093 866 2274 908 Iacente

467 933 511 975 in
553 933 672 976 dicto
710 933 808 976 vico
849 933 964 976 inter
1004 940 1167 976 terram
1209 934 1362 976 thome
1402 933 1530 976 tralle
1571 948 1623 976 ex
1664 941 1788 989 parte
1829 935 1993 978 boreali
2031 941 2073 978 et
2109 942 2272 978 terram

470 1003 683 1046 Iohannis
719 1017 825 1058 crag
865 1017 917 1045 ex
958 1010 1082 1057 parte
1119 1003 1302 1046 australi
1342 1004 1400 1045 Et
1432 1017 1568 1045 vnum
1611 1017 1808 1046 annuum
1851 1004 2072 1047 redditum
2111 1019 2272 1047 nouem

467 1072 706 1115 solidorum
738 1073 791 1114 de
820 1079 935 1115 terra
965 1071 1183 1115 Willelmi
1216 1087 1311 1115 mor
1344 1074 1524 1114 Iacente
1557 1071 1600 1114 in
1623 1072 1720 1115 vico
1752 1073 1934 1115 nauium
1967 1072 2083 1116 inter
2110 1080 2273 1116 terram

467 1144 628 1186 andree
658 1143 774 1198 alanj
803 1157 855 1184 ex
882 1149 1006 1197 parte
1035 1142 1299 1185 occidentali
1323 1149 1365 1185 et
1388 1142 1660 1185 antedictam
1693 1150 1856 1185 terram
1887 1158 2032 1186 meam
2065 1158 2118 1185 ex
2149 1149 2274 1198 parte

466 1213 668 1256 orientali
693 1214 752 1255 Et
775 1227 910 1255 vnum
934 1226 1132 1255 annuum
1155 1212 1376 1255 redditum
1401 1219 1571 1267 septem
1599 1212 1839 1255 solidorum
1863 1220 1905 1255 et
1928 1212 1970 1254 xi
1993 1213 2273 1256 denariorum

466 1285 518 1325 de
541 1290 656 1326 terra
681 1282 896 1325 Iohannis
915 1281 1056 1325 Gouis
1073 1282 1116 1324 in
1136 1281 1254 1325 dicto
1271 1281 1368 1325 vico
1386 1281 1501 1324 inter
1523 1282 1745 1337 predictas
1766 1290 1907 1326 terras
1930 1297 2052 1326 meas
2075 1298 2126 1325 ex
2148 1289 2274 1338 parte

466 1352 730 1396 occidentali
753 1359 887 1407 atque
910 1351 1112 1394 orientali
1137 1353 1197 1394 Et
1214 1366 1350 1395 vnum
1375 1366 1574 1394 annuum
1592 1352 1813 1395 redditum
1837 1352 2120 1408 quadriginta
2141 1354 2273 1396 dena-

466 1422 629 1466 riorum
664 1424 717 1466 de
750 1430 867 1465 terra
899 1421 1117 1466 Willelmi
1151 1422 1252 1465 club
1283 1421 1463 1477 pistoris
1502 1424 1683 1465 Iacente
1716 1437 1847 1478 super
1880 1423 2014 1465 finem
2051 1423 2157 1466 dicti
2189 1422 2274 1466 vici

467 1492 649 1536 nauium
686 1492 802 1535 inter
836 1500 1000 1536 terram
1038 1494 1262 1547 quondam
1303 1491 1478 1547 gilberti
1521 1507 1705 1536 masone
1742 1507 1793 1535 ex
1830 1499 1956 1548 parte
1991 1492 2194 1536 orientali
2231 1500 2274 1536 et

466 1576 750 1606 communem
784 1562 901 1605 viam
938 1562 1105 1617 regiam
1139 1577 1191 1604 ex
1223 1569 1349 1617 parte
1385 1562 1650 1605 occidentali
1689 1564 1748 1605 Et
1777 1577 1913 1605 vnum
1948 1577 2146 1606 annuum
2181 1563 2274 1606 red-

466 1631 607 1675 ditum
646 1632 883 1675 tresdecim
914 1632 1155 1675 solidorum
1179 1638 1221 1675 et
1244 1632 1340 1687 iiij0¹
1376 1632 1657 1676 denariorum
1681 1634 1734 1676 de
1756 1639 1874 1676 terra
1895 1634 2070 1676 Andree
2101 1639 2196 1677 scot
2229 1633 2273 1676 in

466 1701 563 1744 vico
594 1701 786 1744 inferiori
819 1701 1005 1744 ecclesie
1037 1701 1152 1744 inter
1182 1708 1347 1744 terram
1380 1701 1572 1745 Walteri
1635 1735 1644 1744 .
1709 1735 1718 1744 .
1783 1734 1791 1744 .

1218 1828 1359 1872 Cetera
1380 1829 1523 1872 desunt

1170 2084 1210 2127 F
1212 2084 1292 2126 RA
1303 2084 1395 2127 GM
1398 2085 1489 2127 EN
1496 2085 1566 2126 TA

1005 2211 1176 2254 Folium
1195 2211 1409 2268 septimum
1431 2211 1597 2254 omnino
1619 2212 1723 2254 deest

1350 2340 1387 2382 A

579 2435 709 2478 Carta
730 2431 965 2475 donacionis
983 2437 1065 2475 octo
1084 2433 1460 2482 mercarumkaltari
1481 2434 1687 2475 beatorum
1709 2433 1910 2475 laurencii
1925 2438 1961 2475 et
1976 2434 2164 2477 Niniani

587 2531 664 2584 [O]
680 2529 927 2572 MNIBUS
949 2528 1065 2571 hanc
1087 2534 1257 2571 cartam
1272 2527 1432 2570 visuris
1455 2527 1524 2570 uel
1548 2526 1766 2570 audituris
1789 2526 2047 2570 Willelmus
2064 2528 2118 2571 de
2136 2528 2272 2583 melg-

470 2602 598 2642 drum
630 2598 838 2642 dominus
869 2599 922 2641 de
954 2599 1160 2641 achneeff
1187 2605 1230 2641 et
1256 2599 1309 2641 de
1337 2598 1551 2653 Petkarry
1573 2605 1772 2640 eternam
1803 2597 1847 2640 in
1876 2598 2056 2641 domino
2079 2598 2270 2642 salutem

470 2669 698 2712 Noueritis
727 2683 798 2711 me
820 2668 865 2710 in
888 2683 987 2711 mea
1017 2667 1216 2723 legitima
1244 2674 1466 2723 potestate
1495 2674 1538 2710 et
1568 2667 1763 2722 corporis
1790 2667 1984 2710 sanitate
2016 2681 2093 2722 pro
2125 2667 2270 2710 salute

469 2739 616 2782 anime
658 2753 755 2782 mee
796 2745 839 2781 et
881 2745 1128 2793 margarete
1171 2738 1289 2781 socie
1332 2752 1428 2781 mee
1469 2737 1660 2780 filiorum
1703 2744 1746 2780 et
1783 2737 1975 2780 filiarum
2017 2743 2268 2779 nostrorum

469 2816 802 2852 antecessorum
834 2814 877 2851 et
910 2823 1218 2851 successorum
1255 2814 1508 2851 nostrorum
1541 2822 1592 2851 ac
1625 2807 1825 2850 omnium
1863 2807 2060 2850 fidelium
2092 2807 2269 2850 defunc-

471 2884 615 2920 torum
649 2876 821 2920 dedisse
854 2877 1128 2921 concessisse
1160 2884 1203 2921 et
1236 2878 1319 2921 hac
1352 2877 1545 2933 presenti
1578 2884 1701 2921 carta
1734 2892 1832 2920 mea
1869 2878 2157 2920 confirmasse
2189 2877 2271 2919 deo
