2524 3418
512 339 718 382 Dimissio
750 337 963 380 tenementi
985 341 1060 393 per
1091 337 1295 380 Curatum
1325 340 1362 378 et
1391 336 1617 392 capellanos
1885 337 1965 390 163

162 456 362 500 Iacentia
384 456 498 498 infra
531 455 700 498 dictum
730 456 919 508 burgum
949 453 994 495 in
1026 453 1123 495 vico
1157 451 1290 495 castri
1325 466 1376 494 ex
1408 452 1574 495 boreali
1606 458 1734 506 parte
1766 451 1964 494 eiusdem

158 527 243 570 vici
271 527 386 569 inter
411 533 575 569 terram
609 524 782 580 patricij
817 524 956 578 lesley
987 538 1039 565 ex
1071 523 1337 565 occidentali
1371 537 1423 564 ex
1453 537 1541 564 vna
1572 529 1715 564 terras
1746 521 1965 563 Willelmi

158 596 282 638 leslie
319 603 362 638 et
404 596 557 638 thome
593 596 845 637 andersoun
883 608 935 635 ex
969 593 1172 635 orientali
1206 593 1407 648 partibus
1442 593 1496 635 ab
1531 593 1671 634 altera
1704 606 1967 634 communes

158 666 254 708 vias
278 665 444 720 Regias
465 680 620 707 versus
643 672 845 707 austrum
869 670 911 705 et
938 665 1117 706 boream
1151 678 1229 718 pro
1260 678 1347 706 vno
1379 678 1528 706 annuo
1553 662 1748 705 Redditu
1772 663 1967 704 Nouem-

158 737 302 779 decim
338 751 586 779 mercarum
617 735 786 778 vsualis
815 742 993 777 monete
1028 735 1172 789 Regni
1206 734 1343 776 scotie
1377 734 1609 776 annuatim
1643 734 1857 776 soluendo
1892 747 1969 788 per

158 809 349 850 eundem
381 808 683 848 Alexandrum
718 820 822 847 suos
854 806 1039 847 heredes
1071 805 1326 859 assignatos
1359 812 1402 847 et
1435 805 1690 847 huiusmodi
1722 803 1967 846 tenementi

158 890 439 930 possessores
481 889 769 930 quoscunque
812 876 867 916 ad
910 876 1020 916 duos
1054 875 1157 928 annj
1194 874 1410 916 terminos
1442 875 1621 917 vsuales
1662 875 1968 929 pentichostes

159 947 365 989 videlicet
389 953 431 988 et
451 946 595 988 sancti
614 945 793 999 martinj
814 945 858 986 in
877 945 1023 986 hieme
1042 959 1119 999 per
1136 946 1317 999 equales
1339 945 1572 1000 porciones
1594 945 1966 987 TENENDUM

160 1017 243 1058 ET
277 1017 648 1058 HABENDUM
692 1015 859 1056 Totum
898 1022 940 1056 et
975 1014 1199 1068 integrum
1242 1014 1411 1056 dictum
1453 1021 1761 1056 tenementum
1803 1021 1968 1056 terram

157 1086 363 1128 videlicet
415 1085 683 1127 anteriorem
735 1083 993 1125 interiorem
1046 1091 1195 1125 ortum
1257 1090 1299 1125 et
1357 1084 1563 1125 horreum
1616 1083 1814 1125 eiusdem
1867 1098 1968 1126 cum

159 1155 447 1211 pertinenciis
470 1155 589 1197 dicto
612 1156 851 1197 alexandro
885 1154 977 1196 suis
1000 1154 1238 1196 heredibus
1270 1160 1314 1196 et
1347 1155 1588 1209 assignatis
1610 1170 1635 1197 a
1658 1155 1785 1197 nobis
1808 1162 1851 1197 et
1873 1170 1970 1198 suc-

160 1225 410 1268 cessoribus
433 1225 598 1267 nostris
621 1226 673 1266 de
697 1225 916 1278 Supremo
935 1223 1115 1266 domino
1138 1230 1291 1266 nostro
1310 1225 1434 1279 Rege
1457 1231 1499 1266 et
1523 1224 1616 1266 suis
1639 1225 1972 1267 successoribus

161 1296 359 1351 Regibus
383 1295 527 1338 scocie
550 1295 594 1336 in
615 1295 744 1336 feodo
767 1301 810 1336 et
833 1294 1081 1336 hereditate
1104 1294 1219 1336 acin
1246 1294 1383 1336 libero
1407 1295 1620 1350 burgagio
1642 1295 1971 1351 imperpetuum

160 1368 275 1410 Cum
300 1365 435 1408 Omni
466 1365 560 1406 iure
593 1370 635 1406 et
668 1363 775 1406 iuris
798 1364 970 1406 clameo
1002 1363 1134 1405 titulo
1161 1363 1433 1418 proprietate
1457 1364 1517 1405 Et
1549 1364 1832 1418 possessione
1856 1366 1971 1408 Cum

159 1436 320 1479 debitis
349 1435 628 1490 longitudine
661 1435 722 1476 Et
754 1434 991 1476 latitudine
1024 1435 1140 1477 Cum
1174 1433 1360 1476 edificiis
1392 1435 1583 1488 desuper
1607 1435 1877 1477 constructis
1911 1436 1972 1477 Et

161 1504 472 1548 construendis
505 1505 620 1547 Cum
653 1503 876 1558 lapidibus
908 1503 1041 1558 lignis
1073 1509 1116 1544 et
1150 1503 1271 1545 calce
1303 1504 1367 1545 Ac
1401 1504 1516 1545 Cum
1551 1503 1772 1546 Omnibus
1803 1503 1903 1546 aliis
1929 1510 1972 1545 et

160 1574 349 1630 singulis
371 1573 652 1617 libertatibus
679 1572 1102 1615 commodietatibus
1129 1579 1171 1614 et
1204 1572 1467 1615 asiamentis
1489 1574 1554 1615 Ac
1586 1573 1716 1616 iustis
1743 1573 1847 1616 Suis
1878 1588 1973 1628 per-

160 1644 368 1687 tinenciis
391 1644 729 1698 quibuscunque
751 1650 845 1685 tam
879 1657 968 1685 non
997 1642 1242 1685 nominatis
1275 1658 1409 1698 quam
1433 1643 1676 1686 nominatis
1698 1651 1792 1687 tam
1816 1646 1974 1687 subtus

160 1721 279 1756 terra
311 1728 445 1768 quam
479 1727 613 1768 supra
644 1719 810 1754 terram
842 1719 937 1754 tam
969 1727 1106 1767 prope
1133 1727 1267 1766 quam
1297 1714 1451 1767 procul
1484 1715 1539 1756 ad
1571 1714 1820 1768 predictum
1852 1721 1973 1757 tene-

161 1791 363 1826 mentum
402 1785 517 1826 Cum
554 1782 841 1837 pertinenciis
878 1782 1187 1837 spectantibus
1219 1797 1298 1824 seu
1334 1782 1451 1825 iuste
1488 1790 1691 1838 spectare
1721 1783 1974 1826 valentibus

162 1853 494 1909 quomodolibet
524 1853 568 1894 in
602 1853 802 1895 futurum
834 1854 957 1895 Adeo
988 1853 1122 1895 libere
1157 1886 1166 1894 .
1203 1886 1212 1894 .
1247 1885 1256 1895 .
1289 1853 1461 1908 integre
1492 1854 1736 1897 honorifice
1767 1855 1879 1897 bene
1912 1855 1972 1896 Et

160 1925 206 1966 in
228 1939 338 1979 pace
367 1923 411 1965 in
443 1923 664 1966 Omnibus
693 1930 736 1965 et
765 1937 844 1977 per
876 1956 886 1965 .
921 1956 931 1965 .
966 1955 975 1964 .
1008 1929 1317 1966 tenementum
1346 1923 1460 1967 infra
1494 1957 1503 1966 .
1539 1957 1548 1967 .
1584 1958 1593 1967 .
1626 1926 1816 1980 burgum
1845 1927 1974 1968 detur

159 1994 228 2036 vel
252 1995 308 2036 ad
329 1993 445 2036 feodi
480 2026 489 2035 .
525 2026 534 2035 .
570 2026 579 2035 .
612 1993 800 2036 uacione
823 1993 1162 2049 quibuscunque
1182 1994 1387 2037 facienda
1420 2027 1430 2036 .
1466 2028 1475 2037 .
1511 2028 1520 2037 .
1555 1996 1775 2051 Supremo
1793 1996 1974 2039 domino

160 2070 315 2107 nostro
353 2097 362 2106 .
402 2096 412 2105 .
452 2097 462 2106 .
500 2064 764 2119 burgagium
801 2071 1016 2119 proantea
1059 2097 1069 2106 .
1114 2097 1123 2106 .
1169 2097 1178 2106 .
1221 2079 1394 2107 necnon
1429 2065 1654 2108 Soluenda
1685 2066 1814 2109 nobis
1857 2099 1866 2109 .
1911 2099 1920 2108 .
1961 2100 1970 2110 .

161 2133 499 2188 quatuordecim
542 2148 691 2177 merca
725 2167 734 2176 .
771 2167 779 2176 .
815 2167 824 2176 .
859 2150 1038 2190 murray
1080 2135 1426 2190 Consanguineo
1464 2169 1473 2178 .
1513 2169 1523 2178 .
1563 2169 1572 2178 .
1611 2151 1811 2180 annuum
1855 2139 1971 2180 Redâ€”

161 2204 304 2246 ditum
338 2236 348 2245 .
384 2236 393 2245 .
428 2237 438 2245 .
470 2203 560 2246 vite
584 2218 662 2246 sue
686 2205 785 2260 Quo
819 2237 828 2246 .
865 2237 874 2246 .
910 2237 919 2246 .
952 2204 1066 2246 infra
1097 2205 1335 2247 ecclesiam
1370 2238 1379 2247 .
1415 2238 1425 2247 .
1459 2238 1469 2247 .
1504 2206 1627 2248 chori
1650 2207 1836 2249 ecclesie
1870 2240 1880 2249 .
1915 2240 1924 2250 .
1960 2240 1969 2249 .

161 2274 403 2317 solidorum
436 2274 674 2317 heredibus
709 2307 718 2316 .
754 2307 763 2316 .
799 2307 808 2316 .
842 2275 1084 2317 solidorum
1115 2275 1315 2317 eiusdem
1349 2309 1358 2318 .
1394 2309 1403 2318 .
1438 2308 1448 2318 .
1481 2291 1559 2319 seu
1600 2277 1835 2320 duodecim
1870 2311 1879 2320 .
1915 2311 1924 2320 .
1960 2311 1968 2320 .

161 2343 394 2387 annuatim
436 2359 514 2399 per
554 2345 745 2386 eundem
787 2345 900 2386 Alex
942 2377 951 2387 .
997 2377 1006 2386 .
1051 2378 1060 2387 .
1103 2345 1294 2400 scriptos
1330 2345 1530 2388 Tantum
1573 2347 1659 2389 Pro
1700 2347 1822 2390 omni
1861 2380 1870 2389 .
1911 2380 1920 2390 .
1960 2380 1969 2389 .

160 2414 392 2457 exactione
416 2415 504 2457 Seu
526 2415 749 2457 demanda
772 2429 856 2470 que
879 2416 932 2457 de
954 2415 1156 2470 predicta
1177 2422 1222 2457 te
1255 2448 1264 2457 .
1300 2448 1310 2458 .
1345 2448 1354 2458 .
1388 2416 1641 2471 aliqualiter
1661 2417 1787 2472 exegi
1809 2417 1969 2472 poterit

160 2492 237 2528 aut
262 2485 444 2539 Requiri
468 2486 752 2528 INSUPER
769 2487 794 2509 *
828 2486 875 2528 Si
898 2485 1128 2541 contingat
1155 2486 1325 2528 dictum
1341 2487 1645 2529 Alexandrum
1661 2502 1766 2530 suos
1787 2488 1972 2530 heredes

162 2562 239 2598 aut
277 2555 531 2610 assignatos
576 2556 763 2598 deficere
811 2563 887 2598 aut
925 2557 1214 2611 neglegentes
1249 2557 1341 2599 fore
1385 2557 1431 2599 in
1477 2557 1706 2600 solucione
1751 2558 1971 2601 dictorum

161 2639 412 2667 annuorum
456 2625 731 2667 Reddituum
773 2625 902 2668 Tunc
945 2627 1117 2669 licitum
1160 2627 1241 2669 erit
1274 2627 1402 2669 nobis
1439 2629 1771 2671 successoribus
1808 2630 1972 2672 nostris

161 2709 336 2736 necnon
368 2694 613 2749 capellanis
646 2696 914 2750 supradictis
936 2696 1053 2738 idem
1076 2704 1384 2739 tenementum
1418 2712 1602 2740 namare
1634 2706 1677 2741 et
1709 2699 1971 2755 distringere

161 2766 218 2806 ad
241 2778 402 2807 manus
424 2764 626 2819 proprias
653 2765 748 2807 sine
775 2781 1056 2821 quocumque
1078 2767 1187 2809 iuris
1209 2767 1414 2809 ministro
1436 2768 1610 2810 tociens
1631 2769 1844 2824 quociens
1861 2785 1972 2826 opus

159 2834 291 2878 fuerit
325 2835 385 2876 Et
417 2834 602 2876 vlterius
632 2834 668 2876 si
705 2835 936 2891 contingat
974 2836 1144 2879 dictum
1185 2836 1489 2879 Alexandrum
1527 2852 1632 2880 suos
1673 2839 1859 2881 heredes
1895 2846 1971 2882 aut

780 2976 798 2992 â´*
814 2977 892 3009 Hoc
909 2977 1031 3010 folium
1048 2977 1148 3011 valde
1164 2977 1362 3010 laceratum.

2003 2503 2061 2536 fol.
2080 2505 2118 2536 65
2130 2503 2143 2524 Â¹
