2524 3418
846 285 978 329 Curia
1010 284 1179 326 Itineris
1214 283 1450 326 Camerarie
1996 298 2048 340 41

244 404 370 447 cione
402 402 659 459 hujusmodi
692 400 829 445 annui
864 399 1084 443 Redditus
1120 399 1233 442 infra
1270 398 1566 454 quadraginta
1599 399 1692 442 dies
1724 406 1824 455 post
1856 399 2051 455 aliquem

241 475 461 518 dictorum
492 473 785 517 terminorum
817 476 1101 527 pentecostes
1123 476 1166 513 et
1190 468 1334 512 sancti
1367 469 1546 512 martini
1570 475 1647 512 aut
1670 468 1715 511 in
1737 469 2051 513 reformatione

242 545 349 588 dicti
371 544 616 587 tenementi
639 542 826 598 singulis
858 541 988 584 annis
1010 547 1058 583 ut
1081 539 1311 596 premissis
1333 545 1376 582 et
1398 545 1506 583 tunc
1529 539 1675 582 dictus
1697 539 1912 595 magister
1942 541 2051 582 dun-

243 630 382 658 canus
405 629 491 669 quo
523 613 734 657 deficiens
757 612 863 655 dicti
896 611 1115 667 capellani
1147 611 1334 654 liberum
1360 611 1437 653 Ius
1459 617 1502 653 et
1528 612 1800 665 Regressum
1823 610 2052 653 habebunt

244 687 299 728 ad
328 692 492 728 terram
522 684 786 739 prelibatam
820 697 922 725 cum
956 682 1048 724 suis
1074 681 1361 737 pertinenciis
1393 681 1488 723 sine
1511 695 1775 736 quoeunque
1809 680 1924 723 Iuris
1956 695 2053 735 pro·
2113 667 2121 672 ’

242 756 362 799 sessu
406 754 734 810 Impedimento
776 753 1008 795 obstaculo
1050 758 1126 795 aut
1169 752 1392 794 demanda
1435 753 1495 794 Et
1536 766 1719 807 presens
1760 757 1884 793 carta
1925 750 2053 792 litera

243 825 390 868 sasine
433 840 484 868 ac
528 823 751 880 possessio
799 825 990 878 desuper
1036 824 1141 866 data
1190 822 1366 877 aliaque
1422 822 1587 878 scripta
1635 828 1678 865 et
1729 821 1952 876 Inscripta
1999 822 2052 862 In

240 902 468 951 posterum
501 894 668 937 nullius
699 900 828 936 erunt
862 893 1053 936 Roboris
1084 892 1249 948 vigoris
1281 907 1359 935 seu
1389 893 1573 935 effectus
1606 907 1684 935 seu
1716 906 1873 935 cassus
1906 893 2052 933 Reuo-

241 972 368 1009 catus
396 971 439 1008 et
474 967 526 1007 In
556 979 602 1007 se
635 964 896 1006 annullatus
931 965 1270 1018 Imperpetuum
1304 965 1364 1005 Et
1397 976 1479 1018 ego
1510 977 1614 1005 vero
1653 962 1800 1005 dictus
1839 960 2054 1016 magister

239 1038 473 1079 duncanus
495 1035 680 1077 heredes
703 1034 789 1076 mei
813 1040 855 1076 et
879 1033 1096 1089 assignati
1119 1039 1263 1076 totam
1286 1039 1329 1075 et
1352 1032 1572 1088 integram
1596 1039 1761 1075 terram
1785 1031 2051 1087 prelibatam

240 1121 342 1150 cum
376 1106 468 1148 suis
499 1105 787 1160 pertinenciis
819 1104 988 1160 prefato
1020 1105 1195 1146 Andree
1229 1103 1467 1145 heredibus
1500 1103 1593 1145 suis
1616 1109 1658 1145 et
1683 1101 1775 1144 suis
1810 1099 2053 1155 assignatis

242 1179 295 1220 In
319 1176 526 1220 omnibus
548 1182 590 1218 et
613 1189 691 1231 per
723 1175 874 1217 omnia
895 1181 942 1217 vt
964 1173 1234 1230 premissum
1258 1179 1325 1216 est
1354 1188 1432 1229 per
1461 1188 1618 1215 omnes
1649 1179 1791 1215 terras
1814 1177 1856 1213 et
1880 1184 2054 1226 posses-

241 1247 389 1290 siones
411 1252 588 1289 nostras
620 1252 776 1289 contra
798 1260 955 1288 omnes
978 1245 1190 1287 mortales
1211 1243 1594 1287 varantizabimus
1622 1241 1978 1297 acquietabimus
2010 1245 2054 1282 et

242 1319 578 1372 Imperpetuum
601 1316 891 1359 defendemus
921 1318 974 1358 In
997 1315 1125 1359 cuius
1148 1314 1231 1358 Rei
1253 1314 1563 1358 testimonium
1587 1313 1690 1356 huic
1713 1311 1909 1368 presenti
1933 1316 2054 1353 carte

240 1387 448 1443 Sigillum
480 1386 588 1430 dicti
613 1387 789 1430 Andree
811 1392 854 1430 et
877 1386 1074 1442 sigillum
1096 1386 1273 1428 Andree
1304 1385 1453 1428 cullan
1485 1383 1616 1426 Vnius
1647 1382 1915 1426 balliuorum
1948 1379 2055 1423 dicti

240 1457 367 1513 burgi
391 1463 494 1500 sunt
517 1471 716 1513 appensa
739 1457 856 1512 apud
878 1456 1101 1500 Abirdene
1124 1455 1297 1499 decimo
1315 1455 1385 1499 die
1407 1454 1576 1497 mensis
1600 1453 1709 1496 Maii
1732 1454 1863 1495 Anno
1886 1449 2054 1494 domini

241 1527 480 1571 millesimo
522 1526 961 1582 quadringentesimo
1002 1525 1295 1582 nonagesimo
1338 1526 1473 1568 Sexto
1516 1526 1679 1568 Coram
1724 1521 1910 1566 famosis
1949 1520 2056 1563 viris

242 1597 457 1653 magistro
481 1597 682 1640 Iohanne
706 1599 936 1653 Kennerty
958 1596 1152 1639 dominis
1174 1595 1308 1639 dauid
1330 1596 1496 1639 walcar
1517 1594 1750 1638 Willelmo
1773 1591 2056 1636 crukschank

242 1667 488 1723 capellanis
517 1667 718 1710 Iohanne
747 1668 996 1710 andersone
1027 1667 1228 1709 Iohanne
1260 1666 1450 1709 tailzour
1474 1666 1620 1708 Adam
1649 1663 1928 1720 Ruyerfurde
1956 1662 2055 1704 bur-

242 1738 455 1793 gensibus
490 1744 534 1780 et
572 1737 739 1780 Incolis
777 1737 884 1780 dicti
923 1737 1050 1792 burgi
1081 1738 1261 1780 Andrea
1295 1735 1490 1780 Nachtie
1523 1735 1767 1791 sergeando
1801 1740 1843 1776 et
1877 1731 2058 1776 domino

244 1808 445 1852 Iohanne
467 1807 713 1863 sterueling
738 1807 926 1851 Notario
948 1807 1127 1863 publico

1061 1982 1240 2024 XVIII.

355 2077 512 2122 URIA
535 2076 715 2120 Itineris
737 2074 995 2120 Camerarie
1016 2081 1139 2118 tente
1161 2074 1206 2117 in
1229 2074 1422 2131 pretorio
1445 2076 1498 2117 de
1519 2073 1742 2118 Abirdene
1764 2087 1842 2129 per
1864 2069 2058 2114 nobilem

400 2148 545 2191 virum
568 2148 871 2190 Alexandrum
894 2147 1054 2202 guthre
1071 2147 1125 2189 de
1142 2147 1297 2189 eodem
1321 2147 1586 2201 deputatum
1604 2151 1646 2188 et
1665 2145 1813 2187 locum
1831 2147 2058 2186 tenentem

246 2219 473 2276 magnifici
502 2219 787 2276 potentisque
816 2218 984 2262 domini
1015 2218 1149 2262 dauid
1179 2217 1371 2262 Comitis
1400 2216 1632 2261 Crafurdie
1661 2215 1830 2259 domini
1858 2213 2061 2267 lindesay

246 2306 298 2335 ac
331 2290 483 2346 magni
516 2289 761 2345 Camerarij
798 2288 937 2331 scotie
968 2287 1263 2331 nonodecimo
1292 2287 1362 2331 die
1392 2287 1559 2330 mensis
1593 2286 1709 2342 Iunij
1734 2286 1865 2327 Anno
1891 2281 2059 2326 domini

246 2361 486 2404 millesimo
518 2359 960 2416 quadringentesimo
991 2358 1298 2414 octuagesimo
1333 2364 1457 2401 sexto
1490 2359 1589 2414 Quo
1621 2356 1691 2400 die
1724 2355 1859 2399 sectis
1888 2352 2061 2396 vocatis

247 2439 290 2475 et
327 2431 451 2475 curia
487 2431 685 2488 legitime
727 2431 992 2474 confirmata
1029 2444 1131 2472 cum
1174 2428 1538 2472 conclamacione
1575 2427 1746 2471 dierum
1789 2426 2061 2479 subsequen-

248 2501 366 2545 cium
410 2502 608 2545 Nomina
651 2516 813 2557 magne
860 2500 1000 2544 assise
1043 2500 1296 2542 Alexander
1341 2499 1525 2542 chamer
1569 2498 1821 2540 Alexander
1866 2493 2061 2537 menzeis

250 2574 441 2616 Iacobus
474 2573 598 2616 leslie
632 2574 856 2616 Robertus
890 2570 1093 2615 blinseile
1128 2570 1354 2613 Iohannes
1394 2569 1570 2612 cullane
1603 2568 1829 2611 Iohannes
1861 2564 2060 2609 Collison

246 2644 498 2687 Alexander
537 2645 614 2686 red
657 2643 791 2686 dauid
833 2642 1029 2685 menzeis
1069 2641 1330 2685 Willelmus
1371 2640 1580 2684 abirdour
1621 2639 1824 2681 Andreas
1865 2634 2061 2679 branche

247 2715 428 2758 thomas
459 2714 510 2756 fif
539 2714 764 2757 Iohannes
795 2715 1004 2757 Wormet
1035 2711 1217 2755 thomas
1248 2716 1348 2766 prat
1380 2711 1584 2752 Andreas
1618 2723 1797 2763 murray
1828 2705 2061 2750 Walterus

247 2784 494 2828 auchneive
527 2785 751 2828 Robertus
783 2790 882 2839 prat
905 2790 948 2826 et
971 2783 1231 2827 Willelmus
1264 2781 1425 2824 Kintor
1457 2782 1556 2837 Quo
1585 2779 1654 2823 die
1681 2778 1801 2821 dicta
1833 2776 1976 2820 assisa
2005 2776 2061 2818 ad

249 2855 431 2910 plenum
469 2853 661 2897 auisiata
702 2853 965 2897 deliberauit
1003 2867 1139 2908 penes
1171 2851 1378 2895 eedulum
1417 2856 1585 2893 secrete
1629 2845 1939 2903 Inquisitionis
1980 2844 2061 2887 eiis

249 2925 519 2982 presentatis
548 2925 667 2969 dicto
699 2925 769 2969 die
801 2930 1019 2981 quantum
1043 2925 1098 2967 ad
1120 2928 1428 2966 tenementum
1456 2918 1725 2963 venerabilis
1745 2917 1825 2973 virj
1857 2914 2061 2971 magistri

1143 2993 1171 3024 F
