2524 3418
935 327 1066 370 Carta
1095 325 1277 368 Patricii
1304 323 1492 380 gordoun
2046 325 2125 378 165

316 445 361 487 in
412 444 529 487 lecto
580 458 659 486 sue
709 442 972 498 egritudinis
1015 440 1235 484 concessit
1287 439 1555 496 Quiquidem
1598 438 1816 493 capellanj
1871 438 2127 481 dubitantes

317 513 441 556 illam
474 512 766 556 donacionem
790 518 833 553 et
855 511 1208 553 infeodaeionem
1230 509 1322 551 fore
1354 515 1397 551 et
1428 508 1565 550 fuisse
1599 507 1828 549 Inualidas
1851 522 1929 562 pro
1952 508 2127 550 certiori

320 585 578 626 Eorundem
630 581 936 624 infeodaeione
987 581 1204 636 prefatam
1250 586 1416 621 terram
1468 578 1735 620 anteriorem
1781 584 1824 619 et
1872 577 2127 620 interiorem

320 668 484 696 nouam
517 660 560 696 et
591 659 786 695 veterem
810 654 925 695 Cum
948 658 1045 694 orto
1070 658 1112 693 et
1135 651 1292 692 horreo
1325 649 1524 691 eiusdem
1557 655 1604 690 ut
1637 648 1759 703 prius
1781 662 2038 702 expressum
2062 655 2128 690 est

321 725 436 767 Cum
460 723 552 765 suis
578 722 864 778 pertinenciis
895 723 933 763 A
966 721 1169 763 Iohanne
1206 720 1442 762 allansoun
1474 733 1576 760 vero
1611 719 1772 760 herede
1804 725 1847 760 et
1879 717 2129 759 indubitato

320 793 460 848 ipsius
484 792 700 834 Iohannis
723 791 919 834 defuncti
942 805 1019 845 pro
1038 792 1172 833 Certa
1195 791 1382 832 Summa
1400 788 1585 843 pecunie
1608 788 1751 830 eidem
1774 787 1819 828 in
1842 801 1922 829 sua
1939 786 2130 828 necessi-

320 869 414 905 tate
437 862 663 917 persoluta
690 868 962 916 conquestus
994 875 1093 902 sum
1118 861 1178 902 Et
1202 859 1495 914 quasquidem
1523 865 1664 900 terras
1687 859 1801 900 Cum
1826 857 2046 899 Omnibus
2070 857 2130 898 Et

322 931 522 986 Singulis
544 930 831 986 pertinenciis
854 945 931 985 per
952 936 1263 984 procuratores
1290 943 1394 970 suos
1417 930 1472 970 ad
1505 928 1588 970 hoc
1621 927 1839 982 legittime
1862 926 2131 968 constitutos

322 1016 400 1056 per
428 1002 593 1043 fustem
626 1008 669 1042 et
702 1000 911 1043 baculum
944 1000 988 1041 in
1022 999 1229 1041 manibus
1250 999 1381 1040 vnius
1407 997 1674 1040 balliuorum
1698 997 1823 1052 burgi
1847 998 1899 1038 de
1923 996 2132 1039 abirdene

323 1086 499 1113 sursum
525 1070 735 1112 Reddidit
759 1085 866 1125 pure
889 1084 973 1123 que
996 1076 1038 1111 et
1063 1068 1336 1123 Simpliciter
1360 1067 1624 1122 Resignauit
1649 1069 1765 1122 apud
1782 1056 1858 1109 'me
1881 1074 1924 1109 et
1947 1067 2133 1109 heredes

324 1156 448 1183 meos
479 1147 694 1196 perpetuo
729 1139 999 1182 Remanenti
1032 1145 1162 1193 prout
1194 1139 1238 1180 in
1271 1152 1483 1192 processu
1515 1139 1705 1192 desuper
1736 1137 1855 1179 facto
1889 1137 2031 1179 lacius
2063 1151 2133 1178 ex-

323 1211 539 1266 premitur
559 1210 931 1252 TENENDUM
953 1208 1035 1250 ET
1052 1209 1422 1250 HABENDUM
1459 1240 1467 1249 .
1503 1240 1512 1249 .
1548 1240 1557 1249 .
1590 1207 1797 1249 teriorem
1816 1213 1858 1249 et
1877 1207 2133 1249 interiorem

325 1283 486 1324 Ortum
520 1313 530 1323 .
565 1313 574 1323 .
610 1313 619 1322 .
653 1280 843 1335 pellanis
874 1286 917 1322 et
950 1293 1104 1321 eorum
1137 1277 1384 1320 successori
1418 1310 1427 1319 .
1463 1310 1472 1319 .
1507 1310 1517 1319 .
1551 1292 1757 1332 supremo
1781 1277 1960 1319 domino
1982 1283 2135 1319 nostro

371 1384 380 1393 .
416 1384 426 1393 .
458 1351 787 1406 imperpetuum
825 1351 940 1393 Cum
979 1348 1100 1391 omni
1135 1381 1144 1390 .
1180 1381 1189 1390 .
1225 1381 1235 1390 .
1269 1349 1383 1390 Cum
1417 1347 1578 1389 debitis
1609 1346 1886 1402 longitudine
1921 1379 1930 1389 .
1965 1379 1975 1388 .
2009 1379 2019 1388 .
2051 1346 2136 1389 idis

326 1423 440 1465 Cum
485 1421 576 1476 lapi
617 1453 626 1463 .
770 1419 1052 1463 libertatibus
1095 1433 1194 1461 com
1236 1450 1246 1460 .
1288 1450 1297 1460 .
1340 1451 1350 1460 .
1390 1431 1620 1471 uscunque
1660 1423 1754 1459 tam
1789 1431 1878 1459 non
1929 1449 1939 1459 .
1981 1449 1990 1458 .
2031 1449 2040 1458 .
2081 1417 2136 1459 ad

324 1491 572 1547 predictam
594 1496 759 1533 terram
794 1523 804 1532 .
839 1522 848 1532 .
883 1522 893 1531 .
926 1490 1000 1532 bet
1022 1489 1067 1531 in
1089 1489 1288 1530 futurum
1323 1520 1332 1529 .
1368 1520 1377 1529 .
1413 1520 1422 1529 .
1457 1487 1636 1530 mnibus
1668 1493 1711 1529 et
1743 1501 1821 1542 per
1844 1519 1854 1529 .
1889 1519 1898 1528 .
1933 1519 1943 1528 .
1976 1493 2019 1529 et
2043 1501 2136 1541 per-

326 1569 508 1617 petuam
544 1594 553 1604 .
589 1594 598 1603 .
634 1594 643 1603 .
677 1559 1031 1604 contradictione
1082 1559 1141 1602 ali
1177 1591 1186 1601 .
1221 1591 1230 1601 .
1266 1591 1275 1600 .
1309 1572 1592 1600 successores
1629 1558 1773 1613 Super
1806 1590 1815 1599 .
1851 1589 1860 1599 .
1895 1589 1905 1599 .
1938 1556 2136 1599 debitum

327 1639 370 1675 et
389 1639 655 1675 consuetum
686 1665 696 1674 .
728 1665 738 1674 .
770 1664 780 1674 .
810 1631 934 1674 chori
953 1630 1139 1673 ecclesie
1157 1645 1210 1673 ca
1241 1662 1250 1672 .
1283 1662 1292 1672 .
1326 1662 1335 1672 .
1366 1636 1545 1671 monete
1564 1628 1702 1671 scotie
1722 1629 1782 1670 Et
1814 1661 1824 1670 .
1856 1661 1865 1670 .
1897 1661 1907 1670 .
1938 1642 2137 1670 annuum

330 1703 574 1746 Redditum
609 1735 618 1745 .
654 1735 664 1744 .
698 1735 708 1744 .
741 1701 1056 1744 infeodationis
1098 1702 1287 1743 Necnon
1322 1733 1331 1742 .
1367 1733 1376 1742 .
1412 1732 1421 1741 .
1455 1706 1590 1755 petuo
1625 1713 1763 1741 vnum
1800 1713 2000 1741 annuum
2039 1698 2137 1740 Red

373 1805 383 1815 .
419 1805 429 1815 .
462 1787 540 1815 sue
558 1774 657 1829 Quo
680 1772 888 1814 defuncto
922 1804 932 1813 .
967 1803 977 1813 .
1013 1804 1022 1813 .
1056 1770 1290 1813 annuatim
1308 1770 1637 1825 imperpetuum
1656 1768 1769 1811 infra
1802 1802 1812 1811 .
1847 1801 1857 1811 .
1892 1801 1902 1810 .
1935 1774 2137 1811 actorum

329 1843 628 1899 quadraginta
650 1842 732 1885 soli
767 1875 776 1884 .
811 1875 821 1884 .
856 1874 866 1884 .
901 1842 961 1884 Et
989 1841 1112 1896 pium
1140 1841 1422 1883 fundatorem
1457 1872 1466 1882 .
1502 1873 1511 1882 .
1547 1873 1556 1882 .
1590 1854 1798 1895 premeue
1822 1837 2138 1881 fundacionis*

329 1915 444 1957 Cum
478 1913 651 1957 Ceteris
673 1912 835 1956 annuis
868 1912 1134 1955 Redditibus
1156 1911 1259 1954 inde
1285 1917 1501 1966 proantea
1523 1910 1684 1953 debitis
1717 1911 1839 1953 PRO
1874 1910 2140 1966 QUAQUI-

332 1985 470 2026 DEM
509 1984 810 2026 infeodatione
846 1983 1004 2038 prefati
1043 1982 1261 2038 capellanj
1306 1988 1350 2024 et
1394 1982 1470 2037 Suj
1511 1983 1803 2024 Successores
1841 1981 2140 2025 Celebrabunt

328 2068 464 2096 vnam
500 2053 685 2096 missam
724 2053 921 2108 quotidie
959 2059 1002 2094 et
1035 2052 1155 2107 omnj
1196 2051 1265 2094 die
1301 2052 1357 2094 ad
1394 2051 1534 2094 altare
1572 2051 1717 2093 sancti
1754 2051 1993 2093 saluatoris
2030 2050 2142 2092 infra

331 2123 498 2166 dictam
536 2123 773 2166 ecclesiam
810 2123 921 2165 hora
959 2128 1166 2177 septuma
1201 2136 1280 2176 pro
1317 2121 1462 2163 salute
1499 2120 1646 2163 anime
1679 2120 1819 2175 ipsius
1853 2119 2069 2162 Iohannis
2100 2125 2143 2161 et

333 2195 488 2236 Ionete
524 2208 633 2248 gray
665 2207 743 2235 sue
773 2192 921 2235 vxoris
953 2206 1127 2234 necnon
1161 2191 1413 2234 animarum
1451 2196 1687 2246 parentum
1720 2189 2144 2245 consanguiniorum

332 2268 376 2304 et
407 2262 742 2304 benefactorum
781 2262 1041 2304 Eorundem
1079 2262 1139 2303 Et
1172 2260 1373 2303 omnium
1406 2275 1559 2302 eorum
1597 2275 1622 2303 a
1655 2260 1814 2315 quibus
1849 2260 1998 2315 aliqua
2029 2261 2145 2302 bona

333 2331 482 2374 minus
507 2331 623 2374 iuste
655 2332 907 2374 habuerunt
929 2338 972 2373 et
1005 2330 1207 2373 omnium
1238 2330 1437 2373 fidelium
1469 2330 1780 2372 defunctorum
1812 2330 1857 2372 in
1889 2329 2144 2385 purgatorio

333 2401 627 2444 existencium
666 2403 854 2444 Necnon
892 2400 1126 2443 annuatim
1164 2400 1208 2442 in
1251 2400 1321 2442 die
1363 2399 1511 2443 obitus
1547 2400 1706 2455 prefati
1750 2399 1966 2442 Iohannis
2006 2413 2143 2441 vnum

334 2472 690 2515 anniuersarium
732 2473 847 2515 Cum
890 2472 1075 2526 placebo
1113 2477 1155 2513 et
1193 2470 1331 2526 dirige
1368 2470 1554 2513 missam
1591 2472 1644 2513 de
1680 2476 1787 2513 nota
1823 2477 1866 2512 et
1907 2469 2144 2525 trigentale

334 2555 412 2595 per
447 2541 730 2584 ebdomidam
775 2542 1068 2583 Reseruando
1109 2547 1262 2583 tamen
1303 2554 1381 2595 per
1423 2540 1588 2583 Omnia
1629 2540 1798 2595 prefate
1841 2541 1996 2582 Ionete
2037 2553 2145 2594 gray

335 2611 523 2654 liberum
557 2618 897 2654 tenementuum
940 2618 982 2653 et
1019 2611 1377 2653 vsumfructuum
1412 2610 1530 2653 dicte
1563 2617 1679 2652 terre
1721 2625 1822 2652 cum
1859 2609 2147 2665 pertinenciis

335 2696 414 2736 pro
446 2688 542 2724 toto
573 2688 774 2737 tempore
804 2682 894 2724 vite
927 2696 1005 2724 sue
1039 2683 1098 2723 Et
1137 2682 1236 2736 Ego
1267 2695 1372 2723 vero
1404 2680 1550 2723 dictus
1587 2680 1802 2735 patricius
1836 2680 2021 2722 heredes
2058 2678 2144 2733 mej

336 2757 379 2793 et
412 2750 630 2806 assignati
661 2758 804 2794 totam
842 2758 886 2793 et
923 2751 1144 2806 integram
1179 2750 1347 2793 dictam
1383 2757 1548 2793 terram
1584 2757 1678 2793 tam
1711 2749 1978 2792 anteriorem
2012 2763 2146 2803 quam

335 2820 592 2864 interiorem
615 2822 730 2864 Cum
753 2827 849 2864 orto
871 2821 1029 2864 horreo
1057 2822 1172 2864 Cum
1205 2820 1493 2876 pertinenciis
1524 2820 1707 2875 prefatis
1730 2821 1897 2863 Curato
1919 2826 1962 2861 et
1986 2819 2148 2874 capell-

961 2967 976 2982 *
997 2965 1075 2998 Hoc
1091 2965 1211 2997 folium
1228 2964 1327 2996 valde
1343 2964 1542 2996 laceratum.

2170 1916 2228 1949 101.
2247 1914 2310 1949 661
