2524 3418
774 322 906 365 Carta
936 322 1097 364 domini
1128 322 1304 364 villelmi
1333 327 1494 379 cowpar
1959 339 2038 382 177

1056 481 1221 523 XCIV.

284 577 317 589 ”“
360 576 608 618 MNIBUS
646 574 762 617 hane
800 580 970 617 cartam
1007 573 1169 617 visuris
1205 575 1273 616 vel
1311 575 1530 618 audituris
1571 575 1779 619 dominus
1815 577 2042 620 villelmus

370 658 373 661 ·
414 660 591 700 cowpar
626 644 886 699 capellanus
923 650 1123 687 eternam
1156 644 1200 686 in
1233 645 1413 687 domino
1450 646 1641 688 salutem
1679 646 1795 702 Quia
1831 661 1909 702 per
1945 647 2042 703 pias

234 714 458 757 orationes
480 721 523 756 et
553 714 792 756 missarum
814 714 886 756 vbi
913 714 1031 756 filius
1063 728 1142 768 pro
1165 715 1362 768 peccatis
1394 716 1558 757 nostris
1580 716 1695 771 patri
1719 717 1901 759 offertur
1932 718 2043 760 cele-

234 784 459 827 brationes
480 783 714 838 presertim
738 783 975 825 continuas
998 784 1220 826 credimus
1245 791 1430 839 peccata
1453 785 1616 828 dimitti
1639 787 1881 842 purgatorij
1905 801 2044 842 penas

234 854 434 896 demoliri
457 860 500 895 et
523 855 578 895 ab
601 853 769 895 eisdem
792 854 1102 895 defunctorum
1133 854 1308 896 animas
1329 855 1606 909 frequentius
1637 856 1811 899 liberari
1843 863 1886 899 et
1918 871 2044 911 para-

233 923 316 965 disi
348 922 524 977 gaudiis
557 922 764 965 collocari
798 922 1027 964 Noueritis
1059 923 1194 977 igitur
1216 938 1286 965 me
1309 925 1560 966 deuotionis
1587 926 1656 980 pie
1679 927 1838 969 effectu
1871 934 2042 970 motum

234 995 287 1036 In
319 994 534 1035 honorem
568 1000 723 1035 sancte
756 999 798 1034 et
837 993 1064 1035 indiuidue
1101 994 1317 1036 trinitatis
1354 995 1493 1049 patris
1527 996 1604 1037 filii
1638 1003 1681 1038 et
1715 997 2044 1051 spiritussancti

231 1063 551 1119 gloriosissime
582 1062 767 1117 virginis
799 1063 937 1105 marie
970 1064 1034 1104 Ac
1067 1063 1267 1105 omnium
1302 1071 1561 1107 sanctorum
1595 1066 1773 1109 celestis
1810 1067 1929 1109 curie
1966 1082 2045 1122 pro

232 1133 377 1176 salute
410 1133 558 1176 anime
595 1147 693 1175 mee
732 1138 775 1175 et
813 1132 1064 1175 animarum
1101 1133 1241 1187 patris
1279 1140 1321 1175 et
1359 1134 1516 1176 matris
1553 1136 1639 1177 mei
1677 1136 1844 1178 domini
1882 1139 2045 1180 andree

232 1218 399 1259 coupar
418 1203 568 1245 fratris
590 1202 677 1245 mei
709 1202 910 1257 germani
938 1209 1188 1257 margarete
1211 1203 1410 1245 chalmer
1431 1203 1537 1245 olim
1561 1205 1739 1247 domine
1762 1207 1814 1248 de
1836 1206 2046 1249 findlater

230 1274 387 1317 valteri
421 1273 596 1316 cullane
629 1279 671 1315 et
705 1272 945 1315 elizabetht
974 1279 1072 1327 prat
1107 1273 1380 1327 Illorumque
1413 1273 1612 1316 omnium
1643 1289 1668 1317 a
1701 1275 1860 1329 quibus
1892 1276 2041 1330 aliqua

231 1344 347 1387 bona
379 1343 527 1385 minus
560 1344 683 1385 Iuste
715 1342 850 1397 habuj
886 1343 950 1384 Ac
982 1342 1234 1385 animarum
1268 1342 1468 1385 omnium
1501 1344 1699 1386 fidelium
1732 1345 2041 1388 defunctorum

231 1414 406 1457 dedisse
429 1415 490 1455 Et
513 1413 558 1455 in
581 1428 738 1468 puram
769 1419 812 1455 et
845 1419 1106 1467 perpetuam
1139 1412 1420 1455 elimosinam
1451 1414 1726 1456 concessisse
1755 1421 1797 1456 et
1830 1415 1913 1457 hac
1946 1430 2043 1469 pre-

231 1484 346 1527 senti
383 1490 506 1527 carta
543 1498 643 1526 mea
679 1483 970 1525 confirmasse
1013 1483 1201 1524 Necnon
1237 1489 1392 1525 tenore
1433 1483 1713 1537 presencium
1757 1484 1878 1526 Dare
1915 1490 1958 1526 et
1995 1484 2041 1526 in

230 1568 387 1610 puram
421 1560 463 1596 et
496 1559 758 1608 perpetuam
788 1552 1070 1595 elimosinam
1100 1553 1343 1595 concedere
1375 1559 1418 1595 et
1443 1553 1528 1595 hac
1560 1552 1755 1608 presenti
1787 1559 1912 1596 carta
1941 1568 2043 1597 mea

231 1625 494 1668 confirmare
529 1624 858 1667 venerabilibus
895 1630 937 1666 et
975 1623 1179 1666 discretis
1214 1623 1322 1665 viris
1358 1630 1513 1666 curato
1549 1630 1592 1666 et
1631 1623 1876 1679 capellanis
1917 1624 2041 1667 chori

229 1694 416 1737 ecclesie
462 1693 732 1749 parochialis
780 1692 870 1736 diui
917 1692 1079 1748 nicolaj
1124 1694 1177 1735 de
1219 1693 1429 1736 abirdene
1472 1695 1532 1735 Et
1575 1693 1667 1735 suis
1709 1694 2042 1737 successoribus

229 1764 474 1819 capellanis
504 1763 610 1807 dicti
639 1763 762 1806 chori
787 1764 957 1806 Omnes
979 1769 1022 1805 et
1046 1763 1246 1818 singulos
1269 1777 1443 1805 annuos
1464 1763 1664 1806 redditus
1686 1777 1810 1805 meos
1832 1770 1875 1806 et
1897 1769 2042 1806 terras

229 1849 354 1877 meas
388 1834 664 1889 subscriptas
700 1848 802 1876 cum
839 1833 1127 1888 pertinenciis
1160 1834 1369 1876 videlicet
1404 1849 1542 1876 vnum
1581 1848 1780 1877 annuum
1817 1834 2040 1877 redditum

230 1910 401 1960 septem
435 1904 676 1947 solidorum
700 1905 753 1947 de
776 1904 917 1946 crofto
938 1904 1096 1946 valteri
1129 1904 1366 1946 howesone
1388 1910 1548 1947 vocato
1580 1904 1674 1946 helf
1679 1904 1758 1946 hill
1792 1906 1974 1947 Iacente
1995 1904 2040 1947 in

229 1975 450 2018 territorio
473 1975 738 2018 occidentali
763 1975 1002 2018 croftorum
1027 1975 1133 2017 dicti
1165 1975 1292 2030 burgi
1324 1975 1440 2017 inter
1463 1975 1652 2017 croftum
1675 1975 1902 2018 alexandri
1931 1990 2040 2030 gray

230 2044 423 2088 Iunioris
454 2059 507 2087 ex
539 2044 704 2088 boreali
741 2059 794 2087 ex
823 2059 911 2087 vna
943 2045 1083 2087 crofta
1115 2044 1290 2100 gilberti
1323 2044 1519 2087 menzeis
1550 2059 1603 2087 ex
1634 2044 1820 2087 australi
1852 2051 1895 2088 et
1925 2045 2039 2088 occi-

228 2114 396 2158 dentali
428 2114 630 2170 partibus
664 2116 718 2158 ab
741 2115 882 2158 altera
904 2121 947 2158 et
970 2115 1160 2158 croftum
1184 2115 1373 2157 fratrum
1406 2115 1740 2158 carmelitarum
1772 2115 1879 2158 dieti
1911 2116 2038 2170 burgi

226 2200 382 2228 versus
403 2185 550 2227 oriens
574 2186 689 2227 Item
711 2199 849 2227 vnum
882 2199 1081 2228 annuum
1104 2185 1326 2227 redditum
1348 2185 1533 2240 triginta
1555 2185 1798 2228 solidorum
1821 2186 1874 2227 de
1899 2185 2038 2227 crofto

229 2256 445 2298 Iohannis
468 2256 681 2299 collisone
712 2257 894 2298 Iacente
916 2256 961 2298 in
984 2256 1103 2298 dicto
1125 2256 1356 2298 terretorio
1379 2256 1645 2298 occidentali
1668 2256 1907 2298 croftorum
1931 2255 2037 2298 dicti

227 2325 353 2380 burgi
376 2325 492 2367 inter
513 2325 702 2367 croftum
726 2326 951 2379 quondam
981 2324 1196 2367 Iohannis
1219 2339 1316 2366 mar
1337 2339 1390 2366 ex
1412 2324 1617 2367 orientali
1639 2339 1692 2366 ex
1712 2338 1800 2366 vna
1820 2330 1962 2366 terras
1984 2324 2037 2366 de

227 2395 438 2438 rubislaw
458 2410 511 2438 ex
533 2395 799 2438 occidentali
822 2395 1025 2450 partibus
1047 2396 1101 2437 ab
1125 2395 1265 2437 altera
1287 2395 1476 2437 croftum
1499 2401 1678 2449 patrum
1702 2393 2034 2436 carmelitarum

227 2464 334 2508 dicti
366 2465 493 2520 burgi
513 2480 669 2508 versus
701 2471 903 2508 austrum
935 2465 996 2507 Et
1025 2479 1310 2507 communem
1332 2463 1451 2506 viam
1477 2464 1646 2519 regiam
1667 2478 1824 2506 versus
1855 2463 2034 2505 boream

229 2535 344 2577 Item
380 2549 517 2577 vnum
555 2549 754 2578 annuum
792 2535 1015 2578 redditum
1053 2534 1287 2577 duodecim
1326 2534 1568 2577 solidorum
1606 2535 1660 2577 de
1697 2533 1836 2576 crofto
1873 2533 2036 2575 andree

227 2618 406 2660 murray
429 2604 621 2647 Iunioris
648 2612 808 2648 vocato
840 2619 1017 2660 cawsay
1040 2605 1150 2647 croft
1185 2606 1367 2646 Iacente
1393 2604 1438 2646 in
1467 2603 1699 2647 terretorio
1731 2602 1895 2646 boreali
1927 2602 2035 2644 crof-

226 2680 374 2716 torum
404 2674 511 2717 dicti
539 2675 655 2717 inter
683 2676 873 2717 croftum
903 2676 1090 2718 fratrum
1120 2674 1449 2729 predicatorum
1478 2674 1585 2717 dicti
1614 2673 1741 2727 burgi
1770 2687 1822 2714 ex
1851 2671 2036 2714 australi

226 2758 279 2786 ex
318 2758 406 2786 vna
448 2744 637 2787 croftum
688 2745 846 2787 altaris
887 2745 987 2787 diue
1030 2744 1169 2787 marie
1211 2744 1475 2799 magdalene
1516 2758 1569 2786 ex
1619 2742 1784 2786 boreali
1835 2741 2036 2797 partibus

226 2815 282 2856 ab
314 2814 454 2856 altera
496 2828 780 2856 communem
820 2814 940 2857 viam
972 2814 1141 2869 regiam
1182 2828 1338 2856 versus
1369 2813 1516 2856 oriens
1548 2819 1590 2856 et
1622 2812 1679 2854 lie
1721 2810 1880 2853 cruikit
1921 2809 2036 2865 myir

224 2898 379 2926 versus
411 2884 618 2927 occidens
652 2886 767 2927 Item
789 2899 925 2927 vnum
960 2899 1160 2938 annuum
1193 2884 1415 2927 redditum
1450 2898 1526 2926 sex
1558 2883 1800 2925 solidorum
1833 2882 1886 2923 de
1917 2887 2036 2922 terra

224 2956 449 3010 quondam
473 2955 606 2998 dauid
628 2955 745 2999 lame
769 2957 951 2999 Iacente
973 2971 1026 2998 ex
1048 2955 1252 2998 orientali
1275 2961 1401 3011 parte
1422 2954 1507 2997 vici
1529 2955 1753 2996 furcarum
1777 2950 1883 2994 dicti
1906 2950 2034 3005 burgi

1111 3026 1138 3056 Ζ

2158 581 2214 614 sol.
2234 582 2270 615 71
2283 579 2294 600 ¹
