2524 3418
165 1628 226 1662 fol.
245 1630 282 1663 67
295 1626 309 1648 ²

458 344 537 386 170
1012 336 1051 376 F
1055 335 1222 376 nudatio
1252 336 1302 376 M
1305 340 1488 389 argarctc
1520 336 1554 377 C
1558 336 1714 377 lzalmer

454 448 692 491 alexandro
733 449 995 491 nicholsoun
1033 449 1232 491 Iohanne
1278 451 1447 504 Ratray
1485 451 1647 492 Iacobo
1688 450 1835 493 litstar
1874 451 2000 493 laicis
2045 451 2252 495 Dominis

455 517 685 559 willelmo
708 520 945 572 philpsoun
964 527 1005 560 et
1027 519 1174 560 Dauid
1194 519 1374 560 lorimar
1396 519 1581 560 notariis
1603 520 1791 573 publicis
1809 521 1923 563 Cum
1943 521 2130 564 diuersis
2154 522 2254 564 aliis

454 587 643 630 testibus
666 590 720 630 ad
744 589 961 642 premissa
983 589 1154 630 vocatis
1176 589 1342 643 pariter
1363 596 1405 631 et
1431 589 1618 644 Rogatis

626 704 685 744 Et
725 704 822 757 Ego
861 703 1085 745 Iohannes
1117 703 1381 746 nicholsoun
1414 704 1595 746 Arcium
1634 704 1846 759 magister
1882 707 2112 761 presbyter
2147 707 2255 749 dun-

625 772 849 814 keldensis
873 772 1101 815 dioceseos
1124 773 1327 827 publicus
1350 788 1476 816 sacra
1498 774 1744 828 apostolica
1768 775 2034 818 auctoritate
2057 775 2256 819 notarius

626 857 759 896 quare
795 842 1024 896 premissis
1066 843 1273 886 omnibus
1315 852 1356 885 et
1400 844 1587 898 singulis
1631 846 1751 886 Dum
1789 844 1852 886 sic
1894 851 1941 887 ut
1983 845 2257 900 premittitur

625 911 877 953 dicerentur
899 919 1137 965 agerentur
1168 919 1211 954 et
1242 913 1397 954 fierent
1419 927 1506 955 vna
1528 928 1630 955 cum
1663 914 1909 968 prenotatis
1940 914 2131 957 testibus
2161 929 2255 968 pre-

625 996 728 1023 sens
761 982 1054 1036 personaliter
1076 982 1252 1024 interfui
1289 984 1444 1036 anue
1477 983 1627 1025 omnia
1658 990 1700 1025 et
1734 983 1910 1038 singula
1934 984 2007 1026 Sic
2038 983 2131 1039 fierj
2165 983 2253 1039 vidj

626 1050 735 1104 sciuj
761 1058 804 1092 et
827 1051 978 1106 audiuj
1003 1067 1054 1094 ac
1078 1052 1122 1094 in
1145 1059 1298 1095 notam
1332 1053 1427 1107 cepi
1450 1053 1548 1095 ideo
1581 1055 1697 1108 quod
1720 1054 1802 1096 hoc
1825 1069 2007 1112 presens
2029 1054 2255 1109 publicum

626 1120 976 1164 instrumentum
1010 1137 1146 1164 manu
1179 1137 1278 1165 mea
1307 1124 1479 1178 proprie
1501 1124 1690 1166 fideliter
1721 1124 1886 1179 scripta
1909 1125 2065 1167 exinde
2088 1125 2256 1168 confeci

628 1189 764 1243 Signo
787 1204 871 1243 que
894 1191 1073 1232 nomine
1097 1198 1139 1233 et
1163 1192 1427 1246 cognomine
1450 1193 1561 1234 meis
1591 1193 1733 1235 solitis
1755 1200 1797 1235 et
1821 1194 2047 1236 consuetis
2070 1194 2254 1249 Signauj

627 1266 669 1300 et
708 1260 950 1315 subscripsi
994 1262 1198 1316 Rogatus
1235 1269 1277 1303 et
1321 1262 1582 1316 Requisitus
1617 1263 1662 1304 in
1699 1263 1831 1306 fidem
1869 1271 1911 1306 et
1948 1263 2256 1306 testimonium

628 1329 827 1372 omnium
851 1338 894 1372 et
917 1330 1194 1386 singulorum
1218 1332 1536 1386 premissorum

519 911 561 1181 uqumfiosgqo

1303 1541 1426 1584 XCI.

529 1634 567 1674 N
593 1633 662 1675 dei
681 1633 874 1675 Nomine
892 1634 1035 1675 Arnen
1058 1648 1135 1688 per
1156 1634 1239 1676 hoc
1258 1648 1440 1688 presens
1462 1633 1688 1688 publicum
1707 1633 2054 1675 instrumentum
2073 1630 2261 1675 Cunctis

585 1710 735 1758 pateat
780 1704 1024 1745 Euidentes
1065 1706 1180 1758 quod
1217 1705 1348 1746 Anno
1392 1703 1726 1746 Incarnaeionis
1762 1703 1982 1745 dominice
2024 1702 2261 1745 millesimo

462 1773 819 1828 quingentesimo
869 1773 1099 1828 trigesimo
1151 1774 1318 1815 mensis
1362 1788 1465 1816 vero
1519 1773 1713 1827 Ianuarij
1757 1773 1826 1815 die
1878 1772 2050 1814 decimo
2101 1778 2262 1814 octauo

464 1842 714 1885 Indictione
746 1850 904 1897 quarta
936 1843 1224 1897 pontificatus
1257 1843 1528 1898 sanctissimj
1567 1843 1611 1884 in
1642 1843 1808 1885 christo
1840 1841 1979 1897 patris
2011 1856 2062 1884 ac
2094 1841 2262 1889 domini

463 1912 630 1954 domini
662 1912 801 1954 nostri
831 1912 1078 1954 Clementis
1109 1912 1259 1955 diuina
1292 1912 1571 1967 prouidentia
1602 1927 1716 1967 pape
1746 1912 1923 1967 septimj
1951 1925 2069 1954 anno
2102 1917 2262 1954 octauo

466 1983 518 2023 In
542 1981 627 2023 mei
650 1981 808 2036 notarij
834 1981 997 2036 publicj
1023 1983 1083 2024 Et
1105 1982 1288 2024 testium
1311 1982 1695 2037 infrascriptorum
1719 1982 1942 2037 presentia
1965 1981 2265 2024 Personaliter

466 2051 723 2095 Constituta
745 2052 906 2094 nobilis
928 2052 1107 2095 domina
1139 2054 1394 2108 Margareta
1417 2053 1616 2095 chalmer
1636 2052 1816 2095 domina
1837 2058 2055 2094 terrarum
2078 2052 2131 2093 de
2153 2051 2263 2093 find-

464 2122 577 2164 later
607 2129 650 2164 et
693 2123 836 2164 Drum
875 2123 1018 2164 solum
1061 2123 1263 2165 caritatis
1293 2124 1463 2165 feruore
1501 2130 1622 2166 mota
1665 2124 1725 2165 Et
1767 2138 1845 2165 sue
1887 2122 2034 2165 anime
2070 2122 2261 2164 salutern

463 2191 642 2234 intuens
663 2192 782 2234 dedit
805 2192 993 2234 contulit
1024 2199 1066 2234 et
1101 2193 1300 2235 Realiter
1323 2194 1436 2236 Cum
1461 2193 1619 2235 effectu
1654 2192 1930 2235 Deliberauit
1963 2192 2006 2233 in
2039 2205 2196 2246 puram
2219 2197 2262 2233 et

463 2267 722 2315 perpetuam
755 2262 1061 2304 Elemosinam
1102 2263 1161 2304 Et
1198 2262 1242 2304 in
1276 2277 1436 2304 manus
1475 2263 1668 2305 Discreti
1704 2263 1785 2304 viri
1825 2261 2006 2304 Domini
2042 2261 2262 2304 Willelmi

464 2331 639 2385 Couper
659 2338 766 2372 tunc
789 2332 1039 2373 collectoris
1062 2347 1140 2387 pro
1173 2347 1218 2374 se
1242 2333 1333 2375 suis
1356 2348 1439 2387 que
1460 2333 1671 2375 fratribus
1700 2339 1742 2375 et
1766 2331 2096 2374 successoribus
2118 2331 2262 2386 capel-

463 2399 578 2442 lanis
600 2400 722 2441 chori
745 2400 833 2454 diuj
860 2401 1068 2456 nicholaij
1103 2403 1156 2443 de
1186 2402 1394 2444 abirdene
1426 2402 1573 2456 posuit
1608 2403 1840 2444 Summam
1863 2401 2019 2456 viginti
2051 2401 2262 2443 librarum

463 2468 507 2509 in
545 2483 651 2511 auro
688 2476 730 2510 et
768 2477 951 2523 argento
989 2471 1156 2512 vsualis
1193 2478 1370 2513 monete
1409 2472 1551 2526 Regnj
1592 2471 1730 2513 scotie
1767 2472 1822 2514 ad
1854 2471 2180 2525 disponendum
2217 2471 2262 2512 in

463 2537 605 2578 forma
637 2544 685 2578 ut
718 2538 917 2591 sequitur
951 2540 1050 2581 Hoc
1080 2547 1146 2581 est
1173 2542 1289 2594 quod
1319 2540 1643 2595 oblegabuntur
1666 2541 1861 2583 Curatus
1883 2547 1925 2582 et
1949 2540 2083 2582 ceteri
2104 2541 2262 2582 fratres

465 2608 586 2662 chorj
623 2608 819 2662 Singulis
852 2609 980 2651 annis
1012 2610 1056 2651 in
1090 2610 1158 2652 die
1195 2611 1342 2652 obitus
1374 2611 1540 2665 prefate
1573 2617 1793 2665 margrete
1824 2625 1956 2653 vnam
1988 2610 2171 2653 missam
2209 2611 2262 2652 de

464 2684 570 2718 nota
588 2679 642 2719 ad
658 2678 797 2719 altare
813 2679 976 2720 Sancte
994 2680 1237 2721 Katherine
1255 2680 1543 2735 solempniter
1559 2680 1671 2723 infra
1689 2680 1923 2722 ecclesiam
1942 2680 2031 2735 diuj
2051 2680 2260 2735 nicholaij

464 2747 517 2787 de
554 2746 761 2788 abirdene
797 2748 1018 2789 celebrare
1056 2750 1169 2791 Cum
1208 2749 1449 2792 cituatione
1487 2764 1639 2791 mense
1676 2749 1961 2791 candelarum
1999 2756 2042 2792 et
2074 2749 2262 2792 aliorum

465 2823 779 2858 consuetorum
812 2817 974 2871 apponj
1009 2818 1194 2860 honeste
1217 2819 1469 2861 ministrare
1502 2820 1561 2861 Et
1585 2818 1746 2861 missas
1775 2818 1818 2860 in
1846 2819 2070 2861 ebdomita
2099 2818 2263 2873 trigen-

464 2885 569 2927 talis
610 2900 687 2939 per
727 2886 997 2928 ebdomitam
1041 2887 1296 2929 immediate
1338 2894 1595 2941 sequentem
1638 2894 1686 2929 ut
1729 2887 1863 2929 moris
1900 2893 1966 2929 est
2008 2902 2086 2942 pro
2119 2887 2262 2939 salute

467 2954 614 2996 anime
645 2954 785 3011 ipsius
814 2962 1061 3011 margarete
1085 2957 1144 2998 Et
1168 2957 1260 2999 suis
1282 2956 1602 2999 intentionibus
1635 2956 1970 3012 quibuscunque
2001 2956 2263 3012 perimplere

2517 3214 2524 3418 ..2--4—
2521 3178 2524 3189 -
