2524 3418
186 2216 243 2250 fol.
261 2219 301 2250 30
312 2215 323 2236 ¹

479 304 528 344 74
793 293 920 334 Carta
952 291 1169 333 alexandri
1200 305 1353 334 menzes
1385 291 1432 333 de
1458 291 1710 346 fundacione
1741 291 1945 347 lampadis

476 406 600 448 andri
635 407 793 448 burnat
827 420 879 447 ex
911 405 1113 447 orientali
1146 412 1188 447 et
1221 412 1383 447 terram
1417 404 1635 448 Willelmi
1670 405 1855 448 Blinseil
1888 420 2050 461 couper
2080 422 2133 450 ex
2164 407 2276 451 occi-

476 475 641 517 dentali
672 475 773 516 xxiii
793 490 812 516 s
843 482 885 516 et
914 482 1103 528 quatuor
1131 474 1336 516 denarios
1369 475 1437 516 De
1466 474 1604 516 Terra
1639 475 1853 517 Iohannis
1884 477 1983 518 Mar
2012 477 2193 518 Iacente
2225 492 2277 519 ex

475 545 629 585 eadem
673 552 797 597 parte
838 542 1036 584 eiusdem
1077 542 1161 584 vici
1214 542 1328 584 inter
1369 549 1532 585 terrarn
1575 543 1742 585 domini
1791 544 2006 586 Iohannis
2046 544 2279 600 stirueling

475 611 693 666 capellani
727 625 779 653 ex
813 610 1015 653 orientali
1051 618 1092 652 et
1128 618 1291 653 terram
1327 611 1538 654 heredum
1575 613 1798 666 quondam
1833 612 2007 655 Thome
2041 614 2276 669 Chapman

475 695 526 723 ex
549 681 812 723 occidentali
835 678 912 722 xx‘j
938 681 1103 723 solidos
1125 683 1178 723 de
1200 688 1318 724 terra
1342 681 1558 724 Iohannis
1581 682 1776 724 colisone
1801 684 1980 726 Iacente
2004 683 2047 726 in
2070 685 2167 727 vico
2192 685 2278 728 fur-

477 764 627 791 carum
652 749 695 790 in
719 763 830 791 cono
852 749 936 791 vici
959 750 1012 791 de
1035 749 1359 805 nethirkirkgat
1392 765 1524 805 super
1546 751 1585 793 le
1608 751 1698 793 nuk
1720 751 1835 794 inter
1865 759 2029 795 terram
2053 755 2277 808 quondam

477 820 637 862 roberti
670 820 844 862 blinseil
867 834 920 862 ex
952 820 1115 862 boreali
1151 821 1210 862 Et
1244 834 1505 863 communes
1531 820 1625 863 vias
1656 821 1800 876 regias
1826 837 1980 865 versus
2001 823 2148 866 oriens
2179 839 2278 867 aus-

477 898 593 931 trum
617 896 659 931 et
682 889 890 931 occidens
911 887 989 931 xxtj
1014 904 1034 931 s
1057 890 1126 931 De
1148 896 1265 931 terra
1290 890 1504 932 Iohannis
1528 891 1643 932 Blak
1667 892 1847 933 Iacente
1870 891 1914 933 in
1937 893 2092 934 eodem
2114 892 2211 935 vico
2233 892 2278 935 in

476 958 679 1012 opposito
701 958 818 1000 dicte
841 966 956 1001 terre
980 959 1195 1001 Iohannis
1218 959 1445 1001 colisoune
1478 959 1593 1002 inter
1620 967 1784 1003 terram
1813 963 2036 1016 quondam
2060 962 2278 1006 Willelmi

474 1029 636 1070 andree
669 1043 721 1069 ex
753 1028 938 1071 australi
973 1029 1032 1070 Et
1066 1043 1328 1071 communes
1361 1029 1456 1071 vias
1488 1029 1632 1084 regias
1660 1045 1814 1072 versus
1846 1031 1992 1073 oriens
2023 1038 2066 1074 et
2099 1033 2278 1075 boream

474 1106 516 1138 et
550 1105 712 1139 terram
742 1099 967 1152 quondam
1001 1097 1219 1140 Willelmi
1253 1105 1409 1152 sprunt
1439 1097 1619 1152 pistoris
1644 1113 1798 1141 versus
1827 1099 2034 1142 occidens
2065 1101 2134 1155 xvj
2155 1115 2176 1142 s
2210 1101 2279 1143 De

475 1175 590 1209 terra
629 1166 844 1209 Iohannis
872 1174 1071 1210 watsone
1111 1169 1291 1210 Iacente
1323 1167 1367 1209 in
1400 1168 1555 1209 eodem
1584 1167 1681 1210 vico
1718 1168 1833 1210 inter
1864 1175 2027 1211 terram
2054 1170 2278 1224 quondam

479 1237 693 1279 Iohannis
719 1238 808 1292 myl
836 1252 888 1280 ex
910 1237 1074 1280 boreali
1097 1252 1150 1279 ex
1170 1252 1257 1280 vna
1279 1243 1321 1279 et
1345 1244 1508 1280 terram
1535 1238 1867 1292 capellanorum
1895 1238 2067 1293 collegii
2094 1238 2281 1282 ecclesie

478 1307 774 1349 cathederalis
810 1306 1118 1349 abirdonensis
1145 1321 1198 1348 ex
1229 1306 1414 1349 australi
1447 1312 1489 1348 et
1523 1320 1784 1348 communes
1816 1306 1912 1349 vias
1947 1307 2092 1362 regias
2126 1322 2281 1350 versus

479 1376 625 1418 oriens
647 1384 689 1418 et
712 1376 920 1419 occidens
940 1376 980 1431 vj
1002 1391 1022 1418 s
1042 1375 1115 1438 yiij
1136 1377 1162 1418 d
1191 1377 1245 1419 de
1267 1382 1383 1418 terra
1409 1375 1542 1418 dauid
1573 1390 1668 1418 mar
1695 1377 1875 1418 Iacente
1899 1391 1951 1419 ex
1976 1378 2132 1420 eadem
2154 1384 2280 1432 parte

479 1447 584 1489 dicti
606 1447 690 1501 vicj
715 1447 830 1489 inter
850 1454 1014 1489 terram
1044 1447 1196 1489 thome
1225 1446 1428 1489 buchane
1457 1445 1637 1500 pistoris
1660 1460 1712 1488 ex
1734 1446 1898 1489 boreali
1921 1453 1964 1488 et
1986 1453 2150 1490 terram
2173 1446 2280 1490 dicti

476 1518 700 1571 quondam
735 1516 949 1560 Iohannis
981 1517 1103 1572 myln
1135 1530 1288 1558 versus
1320 1522 1522 1559 austrum
1553 1515 1626 1571 viij
1648 1531 1669 1558 s
1700 1517 1753 1558 de
1786 1517 1977 1570 quadam
2010 1516 2136 1572 pecia
2165 1522 2281 1559 terre

474 1594 600 1628 vaste
628 1585 672 1627 in
701 1586 797 1641 futy
819 1587 1064 1629 seeundum
1094 1592 1293 1628 tenorem
1327 1585 1509 1640 antique
1538 1592 1658 1628 carte
1680 1584 1736 1640 vij
1758 1600 1778 1627 s
1801 1592 1843 1628 et
1867 1600 1984 1628 nunc
2017 1586 2163 1629 soluat
2195 1585 2281 1628 nisi

475 1657 586 1697 duos
622 1655 786 1698 solidos
822 1656 891 1697 De
923 1656 1115 1710 quadarn
1148 1661 1266 1697 terra
1303 1654 1481 1709 penitus
1512 1653 1641 1696 vasta
1673 1660 1715 1696 et
1752 1653 2028 1709 inhospitata
2055 1655 2280 1709 quondam

478 1725 691 1768 Iohannis
714 1726 857 1781 profyt
892 1728 1073 1769 Iacente
1096 1725 1140 1767 in
1162 1724 1260 1767 vieo
1288 1724 1486 1767 Nauium
1515 1724 1631 1766 inter
1655 1731 1820 1767 terram
1852 1724 2044 1767 richardi
2076 1725 2282 1768 craufurd

477 1809 528 1836 ex
543 1795 727 1837 australi
751 1796 810 1837 Et
832 1801 996 1838 terram
1020 1795 1244 1850 quondam
1267 1793 1379 1849 petri
1403 1793 1567 1849 kynidy
1588 1808 1641 1835 ex
1663 1792 1827 1837 boreali
1853 1808 1915 1836 vs

593 1866 780 1907 Summa
802 1865 935 1908 huius
957 1864 1203 1920 capellanie
1224 1863 1264 1918 vj
1291 1863 1350 1906 lib
1376 1863 1416 1918 vj
1436 1879 1457 1905 s

1307 2113 1459 2154 XLII.

485 2218 612 2261 Carta
646 2219 865 2260 alexandri
896 2232 1051 2260 menzes
1083 2219 1326 2273 confirmata
1353 2222 1429 2273 per
1457 2231 1577 2260 suum
1610 2217 1856 2273 superiorem
1885 2221 1922 2259 et
1944 2221 2019 2273 per
2051 2220 2283 2272 supremum

595 2299 809 2341 dominum
848 2303 1031 2341 nostrum
1070 2312 1205 2354 regem
1244 2297 1493 2352 mortificata
1533 2298 1580 2339 de
1610 2297 1862 2352 fundacione
1903 2297 2106 2353 lampadis
2145 2311 2284 2340 coram

597 2381 820 2423 venerabili
848 2385 1100 2423 sacramento
1122 2380 1335 2437 pendentis
1365 2385 1422 2422 etc

550 2488 798 2530 ACOBUS
830 2487 899 2529 dei
931 2487 1081 2542 gracia
1115 2489 1211 2529 Rex
1245 2488 1481 2530 Scotorum
1521 2486 1812 2529 OMNIBUS
1847 2484 1994 2540 probis
2028 2484 2284 2528 hominibus

606 2557 751 2599 tocius
780 2563 896 2599 terre
928 2572 1006 2599 sue
1038 2557 1223 2600 Clericis
1254 2564 1297 2599 et
1330 2556 1455 2599 laicis
1492 2556 1683 2598 salutem
1717 2554 1958 2598 SCIATIS
1995 2569 2076 2596 nos
2112 2561 2283 2596 cartam

484 2635 526 2668 et
559 2627 732 2669 literam
767 2627 1040 2682 subscriptas
1071 2627 1276 2670 videlicet
1309 2629 1494 2670 Cartam
1530 2626 1696 2668 factam
1729 2639 1806 2680 per
1834 2624 2046 2667 dilectum
2081 2631 2283 2667 nostrum

483 2696 784 2738 Alexandrum
820 2696 1014 2739 menzeis
1048 2697 1378 2739 aldirmannum
1413 2695 1539 2751 burgi
1573 2695 1712 2737 nostri
1745 2696 1798 2737 de
1833 2694 2014 2737 abirden
2049 2708 2150 2737 cum
2183 2708 2284 2736 con-

484 2779 617 2807 sensu
640 2772 682 2807 et
705 2780 891 2808 assensu
918 2766 1067 2808 dilecti
1092 2766 1423 2822 Consanguinei
1442 2765 1581 2808 nostri
1599 2764 1838 2807 Alexandri
1857 2764 2046 2807 Comitis
2064 2763 2284 2807 buchanie

483 2834 650 2876 domini
675 2836 729 2878 de
749 2835 1033 2878 vchtirhouss
1059 2844 1102 2879 et
1128 2837 1307 2880 baronis
1328 2838 1381 2879 de
1403 2837 1635 2891 grandoun
1668 2835 1736 2877 sui
1769 2834 1936 2877 domini
1968 2833 2206 2889 superioris
2231 2834 2285 2876 de

483 2918 568 2946 vno
600 2919 749 2947 annuo
782 2906 955 2949 redditu
989 2907 1122 2949 trium
1156 2908 1366 2950 librarum
1400 2908 1587 2950 levando
1619 2907 1671 2948 de
1704 2905 1832 2948 terris
1863 2906 1917 2948 de
1949 2905 2157 2959 balmady
2182 2918 2285 2947 cum
