2524 3418
843 281 962 324 Carte
993 283 1123 324 dauid
1156 283 1382 338 Symsoune
1966 291 2017 332 81

205 398 401 440 conferre
431 400 620 454 Insuper
642 396 678 438 si
701 395 863 451 aliquis
885 397 1099 440 heredum
1122 413 1323 441 meorum
1342 405 1418 441 aut
1441 399 1771 455 assignatorum
1795 403 2017 457 predictos
2049 413 2105 445 fol.
2125 413 2187 447 322

205 483 378 511 annuos
416 469 616 512 redditus
652 467 697 509 in
731 473 827 510 toto
860 468 929 510 vel
968 467 1012 510 in
1046 474 1172 523 parte
1214 484 1240 511 a
1281 470 1453 524 prefato
1485 471 1717 526 capellano
1750 474 2018 517 subtraxerit

205 545 312 581 tunc
345 538 476 582 liceat
508 537 688 582 domino
726 537 1022 580 diodeeesano
1057 538 1131 593 quj
1168 553 1246 593 pro
1283 546 1484 594 tempore
1517 540 1648 583 fuerit
1683 544 1888 585 eumdem
1924 542 2018 586 siue

207 611 386 652 eosdem
425 608 625 652 censuris
654 607 981 650 ecelesiasticis
1019 609 1285 663 compellere
1319 616 1362 652 et
1396 610 1440 652 in
1475 610 1624 653 anime
1659 626 1736 654 sue
1770 613 2018 667 periculum

206 681 261 722 ad
298 679 545 735 plenariam
584 677 843 720 solicionem
886 677 1054 732 prefate
1098 693 1272 721 summe
1312 679 1565 723 faciendam
1608 682 1812 738 prosequj
1852 689 1895 725 et
1933 683 2018 725 dis-

205 749 397 804 tringere
430 763 532 791 cum
566 748 726 789 effectu
761 746 1053 801 infringentes
1086 762 1163 790 seu
1196 748 1241 789 in
1274 749 1422 803 aliquo
1454 749 1692 805 infringere
1727 758 2019 806 procurantes

204 824 434 874 presentes
457 832 581 859 meas
613 816 908 860 donacionem
937 817 1270 860 ordinacionem
1294 820 1630 863 concessionem
1660 822 2017 877 assignacionem

203 896 246 932 et
276 888 610 932 elimosinarum
645 886 1037 929 confirmacionem
1065 887 1306 930 autoritate
1333 889 1502 931 domini
1532 890 1672 933 nostri
1705 891 1833 934 ihesu
1863 892 2018 935 christi

203 957 524 1013 omnipotentis
562 956 631 999 dei
673 962 716 998 et
759 962 915 998 sancte
958 957 1116 998 matris
1152 957 1339 1000 ecclesie
1376 965 1419 1001 et
1462 967 1679 1014 quantum
1722 962 2020 1006 committitur

203 1029 400 1071 humane
432 1033 633 1070 creature
666 1025 962 1068 maledicatur
993 1032 1037 1068 et
1069 1026 1193 1068 illam
1227 1028 1590 1072 maledictionem
1620 1046 1754 1085 quam
1783 1038 1910 1087 pater
1936 1034 2017 1077 sub

203 1104 427 1154 potestate
478 1097 612 1139 habet
665 1095 710 1137 in
762 1096 904 1138 filium
952 1096 1110 1138 mereri
1156 1097 1336 1140 valeant
1389 1105 1432 1140 et
1484 1101 1741 1144 eternaliter
1790 1102 2017 1157 possidere

203 1167 457 1211 Faciendus
498 1166 600 1209 inde
642 1165 789 1208 dictus
826 1166 1087 1220 capellanus
1124 1173 1167 1208 et
1206 1167 1273 1222 suj
1319 1182 1601 1212 successores
1638 1171 1790 1215 diuina
1828 1172 2017 1217 seruicia

203 1253 254 1282 ac
278 1237 489 1292 suffragia
511 1238 567 1280 ad
589 1237 811 1292 prefatum
840 1237 980 1279 altare
1007 1252 1085 1292 pro
1107 1238 1419 1282 fundatoribus
1442 1246 1484 1282 et
1508 1240 1746 1284 animabus
1771 1243 2018 1297 prenotatis

201 1315 379 1352 tantum
406 1323 484 1363 pro
507 1307 629 1350 omni
656 1307 744 1350 alio
771 1307 959 1350 seruicio
983 1308 1172 1350 seculari
1199 1309 1437 1352 exaccione
1461 1325 1538 1353 seu
1565 1312 1786 1354 demanda
1810 1328 1893 1367 que
1915 1313 2017 1356 inde

201 1379 316 1434 exigi
334 1378 496 1434 poterit
515 1384 592 1420 aut
609 1377 771 1432 requiri
792 1379 982 1432 Insuper
999 1377 1034 1419 si
1053 1377 1285 1434 contingat
1303 1379 1472 1422 dictum
1492 1381 1774 1435 capellanum
1792 1382 1836 1424 in
1855 1384 2018 1426 diuinis

201 1449 423 1504 suffragiis
445 1463 523 1503 per
548 1448 844 1503 quadraginta
867 1448 961 1491 dies
991 1449 1228 1492 continuos
1257 1451 1444 1493 deficere
1474 1458 1517 1493 et
1544 1453 1599 1494 ab
1626 1454 1781 1495 eodem
1811 1454 1941 1497 altari
1971 1470 2017 1498 se

200 1520 437 1563 absentare
477 1518 563 1559 nisi
616 1517 672 1560 sit
725 1532 861 1560 causa
912 1517 1176 1573 egritudinis
1218 1519 1313 1562 sine
1355 1519 1538 1575 speciali
1580 1520 1768 1565 licencia
1809 1523 1895 1578 mej
1940 1531 2017 1567 aut

200 1591 414 1633 heredum
448 1603 648 1631 meorum
681 1595 789 1631 tunc
822 1588 994 1631 licitum
1029 1589 1111 1632 erit
1140 1590 1269 1633 nobis
1303 1590 1441 1634 alium
1476 1592 1701 1647 ydoneum
1734 1594 2016 1648 capellanum

200 1666 459 1717 presentare
481 1665 524 1702 et
547 1659 728 1702 domino
760 1666 913 1702 nostro
946 1659 1156 1716 episcopo
1189 1662 1483 1704 aberdonensi
1516 1664 1704 1705 eandem
1737 1671 1890 1707 nostro
1922 1680 2016 1721 pre-

201 1736 379 1773 sentato
415 1729 612 1773 conferre
650 1731 710 1772 Et
747 1744 829 1784 ego
865 1744 969 1772 vero
1001 1730 1148 1773 dictus
1181 1731 1315 1774 dauid
1350 1747 1591 1787 symsoune
1628 1733 1814 1777 heredes
1851 1735 1938 1777 mei
1973 1743 2015 1779 et

202 1800 420 1856 assignati
472 1814 628 1842 omnes
679 1807 723 1843 et
775 1800 976 1856 singulos
1025 1816 1200 1844 annuos
1241 1802 1442 1846 redditus
1484 1803 1736 1846 antedictos
1778 1819 1880 1847 cum
1923 1806 2016 1848 suis

200 1870 489 1927 pertinenciis
525 1871 695 1926 prefato
732 1871 913 1914 domino
951 1872 1085 1915 dauid
1126 1888 1205 1928 pro
1246 1880 1342 1916 toto
1378 1880 1580 1929 tempore
1611 1875 1701 1917 vite
1734 1890 1812 1918 sue
1845 1882 1888 1918 et
1923 1877 2016 1919 suis

201 1940 536 1984 successoribus
559 1941 804 1996 capellanis
835 1942 1062 1997 perpetuis
1091 1942 1291 1986 eiusdem
1325 1944 1370 1986 in
1402 1944 1610 1987 omnibus
1633 1952 1675 1987 et
1698 1960 1776 2001 per
1797 1946 1947 1989 omnia
1968 1954 2014 1990 vt

200 2011 470 2066 premissum
493 2017 560 2053 est
586 2025 665 2066 per
690 2025 846 2054 omnes
878 2018 1020 2054 terras
1052 2027 1104 2055 ac
1133 2014 1441 2068 possessiones
1467 2021 1646 2057 nostras
1672 2021 1827 2058 contra
1859 2031 2015 2060 omnes

201 2081 414 2123 mortales
449 2080 831 2124 varantizabimus
873 2082 1230 2137 acquietabimus
1267 2090 1310 2126 et
1352 2084 1682 2140 imperpetuum
1726 2086 2016 2130 defendemus

201 2153 254 2194 In
287 2150 414 2194 cuius
443 2151 506 2193 rei
537 2151 847 2194 testimonium
880 2152 1076 2207 sigillum
1114 2168 1263 2196 meum
1299 2154 1402 2197 huic
1435 2155 1632 2209 presenti
1664 2161 1785 2198 carte
1817 2171 1915 2198 mee
1947 2164 2014 2200 est

200 2236 449 2277 appensum
485 2222 617 2276 Apud
654 2221 837 2265 abirden
865 2223 991 2278 xiiij‘0
1017 2223 1086 2266 die
1116 2224 1383 2279 septembris
1414 2226 1545 2267 Anno
1575 2225 1743 2268 domini
1775 2225 2014 2269 millesimo

200 2299 323 2334 cccc⁰
360 2291 680 2346 octuagissimo
717 2306 835 2334 nono
873 2307 1024 2336 coram
1066 2294 1265 2348 prouidis
1301 2301 1345 2337 et
1385 2294 1571 2337 famosis
1611 2295 1717 2337 viris
1757 2295 1913 2339 thoma
1953 2297 2019 2352 fys

200 2362 445 2418 Wyllelmo
481 2364 735 2406 andersoun
772 2363 920 2406 senior
951 2364 1183 2407 Willelmo
1217 2366 1469 2408 andersoun
1502 2365 1648 2408 iunior
1680 2366 1882 2408 Iohanne
1911 2367 2015 2409 blak

200 2433 256 2475 ad
304 2432 478 2474 clauem
530 2432 637 2475 dicti
688 2433 815 2488 burgi
867 2441 1125 2477 comorante
1170 2435 1424 2478 Alexandro
1475 2436 1658 2479 chamer
1701 2435 1746 2477 in
1792 2436 2014 2491 schipraw

200 2504 406 2546 duncano
448 2503 619 2558 smytht
661 2504 794 2546 dauid
830 2505 1093 2547 robertsoun
1132 2506 1329 2548 Roberto
1366 2506 1620 2548 ouchterles
1660 2506 1816 2548 thoma
1852 2506 2013 2561 lytstar

200 2573 496 2628 burgensibus
548 2573 746 2617 eiusdem
800 2575 927 2630 burgi
981 2575 1181 2630 philippo
1235 2577 1435 2619 dunbrek
1486 2577 1739 2619 Alexandro
1793 2576 2011 2619 alansoun

199 2645 373 2687 duobus
395 2643 700 2686 seriandorum
730 2644 929 2687 eiusdem
952 2652 994 2688 et
1018 2646 1198 2688 domino
1223 2646 1425 2689 Iohanne
1455 2646 1690 2701 stirueling
1717 2646 1936 2700 presbitro
1952 2662 2011 2689 vac

199 2714 373 2757 notario
396 2714 573 2769 publico
606 2730 707 2757 cum
741 2716 895 2759 multis
926 2717 1025 2760 aliis
1055 2718 1157 2759 Non
1187 2718 1471 2761 obstantibus
1494 2717 1724 2773 premissis
1753 2732 1834 2771 ego
1865 2717 2011 2760 dictus

199 2785 334 2827 dauid
364 2799 577 2840 symsoun
599 2786 735 2828 Wolo
764 2787 862 2842 lego
890 2802 941 2830 ac
963 2788 1152 2830 fideliter
1180 2788 1392 2843 promitto
1415 2790 1531 2843 quod
1554 2787 1863 2831 deficientibus
1888 2788 2011 2830 here-

200 2856 330 2899 dibus
364 2855 577 2898 masculis
611 2858 727 2910 quod
766 2858 843 2899 Ius
877 2864 1143 2912 patronatus
1177 2859 1345 2913 prefate
1380 2858 1627 2914 capellanie
1669 2857 1788 2900 dicto
1830 2858 2010 2900 domino

200 2925 408 2982 episcopo
432 2926 724 2968 aberdonensi
747 2933 790 2968 et
814 2927 906 2969 suis
929 2927 1262 2970 successoribus
1293 2927 1520 2983 perpetuis
1550 2926 1827 2983 temporibus
1848 2926 2010 2970 futuris

1094 2998 1122 3029 L
