2524 3418
778 317 818 358 F
820 316 995 358 undacio
1030 315 1178 357 leome
1210 315 1316 356 Prat
1902 323 1954 364 33

1009 468 1088 510 XI.

138 554 356 597 Fundacio
387 554 592 610 quondam
623 553 719 595 bone
746 551 938 594 memorie
971 551 1120 593 leome
1144 555 1242 606 prat
1272 548 1480 605 burgensis
1514 547 1636 603 burgi
1662 548 1709 590 de
1738 546 1950 588 Aberdene

347 639 456 666 anno
478 623 638 666 domini
658 622 875 664 millesimo
896 620 1295 677 quadringentesimo
1316 619 1579 674 nonagesimo
1600 617 1739 674 primo

267 707 515 750 MNIBUS
538 706 653 748 hanc
676 710 847 747 cartam
864 703 1025 746 visuris
1042 703 1110 745 vel
1134 701 1353 745 audituris
1374 701 1576 744 Thomas
1598 706 1696 755 prat
1719 697 1953 753 burgensis

323 775 448 830 burgi
471 777 524 818 de
546 774 768 817 Abirdene
801 775 1019 816 Eternam
1042 772 1086 814 in
1110 772 1290 816 domino
1321 771 1522 815 Salutem
1556 768 1784 812 Noveritis
1815 783 1886 810 me
1908 766 1952 809 in

142 848 436 900 augmentum
467 844 603 887 divini
637 844 785 886 cultus
814 843 858 885 in
888 843 1102 885 honorem
1135 842 1204 885 dei
1238 840 1560 896 omnipotentis
1591 838 1850 883 beatissime
1872 837 1955 880 vir-

142 915 260 970 ginis
282 914 420 958 marie
443 916 504 957 Et
527 916 759 958 beatorum
788 913 942 956 thome
972 912 1163 968 apostoli
1186 919 1229 955 et
1251 912 1419 968 georgii
1448 910 1657 966 martyris
1680 924 1731 954 ac
1754 908 1955 952 omniurn

144 991 401 1028 sanctorum
439 999 517 1040 pro
550 984 694 1027 salute
727 983 875 1026 anime
913 997 1010 1026 mee
1043 982 1296 1025 animarum
1329 989 1565 1037 parentum
1605 994 1792 1024 uxorum
1835 985 1957 1023 ante-

144 1069 371 1098 cessorum
404 1068 714 1098 successorum
747 1053 1081 1097 benefactorum
1114 1059 1157 1095 et
1189 1052 1390 1095 omnium
1417 1052 1615 1095 fidelium
1649 1051 1958 1095 defunctorum

144 1130 187 1167 et
215 1123 445 1179 signanter
475 1138 554 1179 pro
587 1123 823 1166 animabus
855 1122 1032 1165 illorum
1066 1137 1253 1177 quorum
1287 1121 1437 1176 aliqua
1465 1123 1581 1166 bona
1612 1135 1810 1176 unquam
1838 1120 1960 1176 juste

145 1194 280 1238 habui
313 1209 391 1237 seu
424 1196 614 1249 adeptus
644 1194 706 1236 fui
739 1193 915 1237 dedisse
948 1192 1225 1236 concessisse
1262 1199 1305 1235 et
1342 1193 1427 1235 hac
1464 1192 1660 1247 presenti
1703 1198 1826 1235 carta
1860 1205 1960 1233 mea

146 1265 436 1307 confirmasse
478 1265 559 1307 deo
601 1263 898 1319 omnipotenti
935 1262 1257 1318 gloriosissime
1288 1261 1446 1317 virginj
1488 1261 1626 1304 marie
1668 1268 1711 1303 et
1753 1260 1962 1303 omnibus

146 1335 316 1378 sanctis
362 1342 405 1377 et
452 1334 582 1377 altari
632 1335 864 1377 beatorum
912 1334 1067 1376 thome
1115 1332 1306 1388 apostoli
1353 1339 1396 1375 et
1443 1331 1610 1387 georgii
1662 1330 1871 1387 martyris
1917 1329 1961 1373 in

145 1405 335 1448 ecclesia
386 1404 505 1448 beati
557 1403 767 1459 nicholaij
823 1405 876 1446 de
927 1404 1161 1445 Aberdene
1213 1402 1380 1445 situato
1433 1416 1484 1444 ac
1537 1400 1718 1444 domino
1771 1399 1962 1443 Iohanni

144 1481 243 1530 prat
286 1475 519 1530 capellano
560 1480 775 1529 perpetuo
817 1488 917 1516 meo
961 1473 1132 1516 Ibidem
1175 1478 1432 1527 presentato
1474 1486 1630 1514 omnes
1675 1477 1718 1514 et
1763 1470 1964 1526 singulos

146 1559 319 1588 annuos
370 1545 590 1587 Redditus
632 1559 756 1587 meos
798 1543 1075 1599 subscriptos
1127 1558 1228 1586 cum
1282 1543 1374 1585 suis
1420 1541 1708 1597 pertinenciis
1758 1542 1964 1584 Iacentes

145 1615 258 1658 infra
313 1615 481 1658 dictum
546 1617 735 1670 burgum
797 1616 1000 1669 vndeque
1062 1628 1199 1656 vnum
1263 1628 1462 1656 annuum
1525 1612 1747 1656 redditum
1804 1609 1963 1666 viginti

146 1686 387 1729 solidorum
421 1687 474 1728 de
505 1692 624 1728 terra
653 1685 873 1729 Willelmi
903 1686 1086 1728 chamer
1113 1687 1295 1727 Iacente
1318 1684 1362 1726 in
1384 1684 1482 1727 vico
1508 1684 1732 1726 furcarum
1766 1697 1819 1726 ex
1850 1681 1963 1725 occi-

146 1755 314 1797 dentali
355 1762 481 1810 parte
523 1755 722 1798 eiusdem
759 1755 844 1798 vici
888 1757 1011 1798 Inter
1051 1763 1216 1798 terram
1262 1754 1412 1798 Iacobi
1455 1753 1651 1797 colisone
1688 1768 1741 1796 ex
1778 1752 1963 1796 australi

148 1826 208 1867 Et
249 1832 415 1868 terram
459 1825 634 1882 patricij
684 1827 927 1869 adamsone
969 1840 1022 1868 ex
1064 1825 1230 1868 boreali
1271 1826 1423 1867 Vnum
1471 1838 1671 1867 annuum
1720 1823 1962 1866 Redditum

146 1896 300 1938 decem
339 1895 581 1939 solidorum
619 1897 672 1939 de
709 1903 827 1939 terra
865 1897 1090 1951 quondam
1131 1895 1346 1938 Iohannis
1379 1895 1566 1938 Walcar
1601 1894 1646 1936 in
1679 1895 1834 1937 eodem
1867 1893 1965 1935 vico

146 1979 199 2007 ex
225 1965 430 2008 orientali
463 1973 589 2021 parte
621 1966 821 2010 eiusdem
855 1966 970 2009 inter
1002 1973 1167 2009 terram
1191 1965 1411 2015 Willelmi
1443 1965 1604 2008 tulidef
1629 1979 1682 2007 ex
1711 1964 1895 2008 australi
1922 1971 1964 2006 et

146 2042 312 2079 terram
348 2037 462 2092 forfy
497 2037 712 2080 dauisone
749 2052 802 2079 ex
839 2036 1005 2080 boreali
1039 2039 1190 2079 Vnum
1229 2050 1429 2079 annuum
1467 2035 1689 2078 redditum
1726 2033 1964 2078 tresdecim

149 2106 392 2149 solidorum
415 2113 458 2150 et
482 2114 674 2162 quatuor
703 2108 986 2151 denariorum
1011 2109 1064 2150 de
1087 2114 1205 2150 terra
1236 2109 1462 2162 quondam
1494 2106 1710 2149 Iohannis
1741 2105 1900 2148 tailzor
1921 2104 1966 2147 in

148 2176 304 2218 eodem
341 2176 439 2220 vico
481 2177 597 2220 inter
637 2185 803 2221 terram
846 2178 953 2221 dicti
991 2178 1211 2238 &Villelmi
1252 2178 1414 2221 tulidef
1445 2192 1498 2220 ex
1535 2176 1702 2221 boreali
1743 2183 1786 2219 et
1823 2182 1966 2218 terras

149 2245 369 2288 Willelmi
410 2248 660 2291 Andirsone
713 2256 755 2291 et
800 2250 976 2292 Andree
1023 2249 1183 2292 culane
1231 2247 1423 2291 Iunioris
1474 2263 1527 2290 ex
1579 2247 1765 2290 australi
1812 2248 1963 2289 Vnum

149 2329 348 2358 annuum
388 2317 631 2361 Redditum
671 2320 853 2374 Septem
887 2334 1137 2363 mercarum
1171 2321 1224 2362 de
1256 2319 1364 2362 totis
1396 2325 1439 2361 et
1471 2318 1657 2373 integris
1690 2317 1820 2360 terris
1851 2317 1964 2360 meis

149 2385 423 2429 collateratis
440 2386 696 2442 jacentibus
719 2404 744 2432 a
766 2389 954 2444 gilberto
978 2389 1203 2432 murisone
1226 2388 1501 2444 recuperatis
1521 2387 1778 2443 jacentibus
1799 2387 1844 2429 in
1865 2387 1963 2429 vico

149 2455 333 2498 nauium
366 2456 482 2500 inter
512 2465 654 2502 terras
685 2459 861 2515 gilberti
891 2461 1037 2504 Waus
1065 2461 1118 2503 de
1149 2474 1284 2515 many
1309 2467 1352 2502 et
1387 2458 1603 2502 Iohannis
1632 2459 1880 2501 andersone
1911 2472 1965 2500 ex

150 2525 355 2568 orientali
389 2534 432 2569 et
466 2534 630 2572 terram
662 2530 819 2572 valteri
857 2530 982 2573 atkin
1015 2545 1068 2572 ex
1099 2529 1286 2573 australi
1318 2536 1361 2572 et
1394 2543 1658 2572 communes
1688 2527 1784 2571 vias
1819 2527 1965 2582 regias

149 2611 305 2639 versus
327 2597 534 2641 occidens
556 2606 599 2643 et
622 2601 792 2644 boriam
815 2603 966 2644 Vnum
991 2616 1192 2644 annuum
1215 2601 1437 2644 redditum
1460 2599 1698 2643 tresdecim
1722 2598 1964 2641 solidorum

151 2672 194 2709 et
224 2674 414 2721 quatuor
436 2669 488 2711 de
510 2676 628 2713 terra
650 2671 870 2715 Willelmi
903 2672 1107 2715 buchane
1132 2673 1314 2714 Iacente
1337 2670 1381 2713 in
1403 2670 1502 2713 vico
1534 2668 1701 2712 caustri
1725 2683 1777 2711 ex
1799 2667 1965 2711 boreali

151 2743 276 2792 parte
303 2738 502 2782 eiusdem
534 2740 650 2784 inter
680 2748 845 2785 terram
869 2744 1044 2785 Andree
1067 2742 1212 2785 litster
1233 2756 1287 2784 ex
1308 2740 1513 2784 orientali
1536 2746 1579 2783 et
1600 2747 1767 2782 terram
1797 2738 1965 2795 Johan-

152 2806 222 2850 nis
263 2808 480 2852 malisone
522 2825 575 2853 ex
616 2812 882 2855 occidentali
926 2814 985 2855 Et
1025 2827 1163 2856 vnum
1206 2826 1406 2855 annuum
1451 2810 1694 2854 Redditum
1736 2808 1964 2851 trisdecim

153 2876 395 2922 solidorum
425 2885 468 2922 et
497 2887 687 2935 quatuor
709 2882 992 2925 denariorum
1016 2883 1233 2940 desaltera
1263 2889 1380 2925 terra
1409 2880 1515 2924 dicti
1539 2879 1757 2924 Willelmi
1787 2879 1964 2922 buchan

154 2945 268 2988 inter
299 2955 472 3003 portam
506 2964 791 2995 communem
825 2952 1023 2996 eiusdem
1057 2952 1183 3008 burgi
1213 2967 1266 2996 ex
1295 2951 1499 2995 orientali
1532 2965 1584 2994 ex
1605 2964 1692 2994 vna
1725 2956 1767 2992 et
1799 2955 1964 2993 terram

1049 3023 1077 3053 E

1982 551 2039 585 sol.
2064 550 2127 585 17ยน
