<?xml version="1.0" encoding="UTF-8"?>
<!DOCTYPE html PUBLIC "-//W3C//DTD XHTML 1.0 Transitional//EN"
    "http://www.w3.org/TR/xhtml1/DTD/xhtml1-transitional.dtd">
<html xmlns="http://www.w3.org/1999/xhtml" xml:lang="en" lang="en">
 <head>
  <title>
</title>
<meta http-equiv="Content-Type" content="text/html;charset=utf-8" />
  <meta name='ocr-system' content='tesseract 3.04.00' />
  <meta name='ocr-capabilities' content='ocr_page ocr_carea ocr_par ocr_line ocrx_word'/>
</head>
<body>
  <div class='ocr_page' id='page_1' title='image "./cartulariumeccle01sainuoft_0182.png"; bbox 0 0 2524 3418; ppageno 0'>
   <div class='ocr_carea' id='block_1_1' title="bbox 455 343 1978 398">
    <p class='ocr_par' dir='ltr' id='par_1_1' title="bbox 455 343 1978 398">
     <span class='ocr_line' id='line_1_1' title="bbox 455 343 1978 398; baseline 0.001 -13"><span class='ocrx_word' id='word_1_1' title='bbox 455 355 534 397; x_wconf 86' lang='lat'>150</span> <span class='ocrx_word' id='word_1_2' title='bbox 728 343 1000 398; x_wconf 81' lang='lat' dir='ltr'>Confirmatio</span> <span class='ocrx_word' id='word_1_3' title='bbox 1031 344 1154 386; x_wconf 75' lang='lat' dir='ltr'>Cartc</span> <span class='ocrx_word' id='word_1_4' title='bbox 1185 344 1420 384; x_wconf 74' lang='lat' dir='ltr'><em>Alexandri</em></span> <span class='ocrx_word' id='word_1_5' title='bbox 1444 343 1654 398; x_wconf 70' lang='lat' dir='ltr'>peikarine</span> <span class='ocrx_word' id='word_1_6' title='bbox 1685 346 1732 386; x_wconf 75' lang='lat' dir='ltr'>de</span> <span class='ocrx_word' id='word_1_7' title='bbox 1763 346 1978 388; x_wconf 77' lang='lat' dir='ltr'>Mondinis</span> 
     </span>
    </p>
   </div>
   <div class='ocr_carea' id='block_1_2' title="bbox 446 456 2259 2338">
    <p class='ocr_par' dir='ltr' id='par_1_2' title="bbox 446 456 2259 2338">
     <span class='ocr_line' id='line_1_2' title="bbox 457 456 2259 514; baseline 0.002 -14"><span class='ocrx_word' id='word_1_8' title='bbox 457 457 607 513; x_wconf 89' lang='lat' dir='ltr'>marcij</span> <span class='ocrx_word' id='word_1_9' title='bbox 634 459 763 500; x_wconf 86' lang='lat' dir='ltr'>Anno</span> <span class='ocrx_word' id='word_1_10' title='bbox 786 457 951 512; x_wconf 90' lang='lat' dir='ltr'>dominj</span> <span class='ocrx_word' id='word_1_11' title='bbox 979 457 1215 499; x_wconf 89' lang='lat' dir='ltr'>millesimo</span> <span class='ocrx_word' id='word_1_12' title='bbox 1239 456 1676 512; x_wconf 88' lang='lat' dir='ltr'>quadringentesimo</span> <span class='ocrx_word' id='word_1_13' title='bbox 1706 458 2073 514; x_wconf 89' lang='lat' dir='ltr'>quinquagesimo</span> <span class='ocrx_word' id='word_1_14' title='bbox 2099 467 2259 504; x_wconf 88' lang='lat' dir='ltr'>octauo</span> 
     </span>
     <span class='ocr_line' id='line_1_3' title="bbox 453 526 2258 584; baseline 0.002 -15"><span class='ocrx_word' id='word_1_15' title='bbox 453 527 642 570; x_wconf 86' lang='lat' dir='ltr'>testibus</span> <span class='ocrx_word' id='word_1_16' title='bbox 683 528 844 571; x_wconf 89' lang='lat' dir='ltr'>ibidem</span> <span class='ocrx_word' id='word_1_17' title='bbox 898 526 1177 582; x_wconf 84' lang='lat' dir='ltr'>presentibus</span> <span class='ocrx_word' id='word_1_18' title='bbox 1218 526 1398 569; x_wconf 90' lang='lat' dir='ltr'>domino</span> <span class='ocrx_word' id='word_1_19' title='bbox 1440 526 1668 570; x_wconf 85' lang='lat' dir='ltr'>cristofero</span> <span class='ocrx_word' id='word_1_20' title='bbox 1709 528 1891 571; x_wconf 90' lang='lat' dir='ltr'>holland</span> <span class='ocrx_word' id='word_1_21' title='bbox 1933 529 2163 584; x_wconf 90' lang='lat' dir='ltr'>capellano</span> <span class='ocrx_word' id='word_1_22' title='bbox 2204 531 2258 573; x_wconf 91' lang='lat' dir='ltr'>de</span> 
     </span>
     <span class='ocr_line' id='line_1_4' title="bbox 451 596 2257 655; baseline 0.002 -15"><span class='ocrx_word' id='word_1_23' title='bbox 451 598 705 653; x_wconf 85' lang='lat' dir='ltr'>drumlethy</span> <span class='ocrx_word' id='word_1_24' title='bbox 730 605 771 640; x_wconf 89' lang='lat' dir='ltr'>et</span> <span class='ocrx_word' id='word_1_25' title='bbox 808 597 1006 639; x_wconf 82' lang='lat' dir='ltr'>Iohanne</span> <span class='ocrx_word' id='word_1_26' title='bbox 1039 596 1268 652; x_wconf 84' lang='lat' dir='ltr'>petkarine</span> <span class='ocrx_word' id='word_1_27' title='bbox 1299 597 1432 640; x_wconf 88' lang='lat' dir='ltr'>fratre</span> <span class='ocrx_word' id='word_1_28' title='bbox 1466 612 1564 640; x_wconf 90' lang='lat' dir='ltr'>meo</span> <span class='ocrx_word' id='word_1_29' title='bbox 1591 597 1822 641; x_wconf 91' lang='lat' dir='ltr'>carissimo</span> <span class='ocrx_word' id='word_1_30' title='bbox 1853 600 1952 655; x_wconf 84' lang='lat' dir='ltr'>Qua</span> <span class='ocrx_word' id='word_1_31' title='bbox 1984 599 2100 642; x_wconf 89' lang='lat' dir='ltr'>lecta</span> <span class='ocrx_word' id='word_1_32' title='bbox 2132 601 2257 643; x_wconf 90' lang='lat' dir='ltr'>Idem</span> 
     </span>
     <span class='ocr_line' id='line_1_5' title="bbox 452 666 2257 722; baseline 0.002 -14"><span class='ocrx_word' id='word_1_33' title='bbox 452 667 664 722; x_wconf 87' lang='lat' dir='ltr'>magister</span> <span class='ocrx_word' id='word_1_34' title='bbox 692 667 916 709; x_wconf 90' lang='lat' dir='ltr'>Iohannes</span> <span class='ocrx_word' id='word_1_35' title='bbox 938 666 1168 721; x_wconf 88' lang='lat' dir='ltr'>inquisiuit</span> <span class='ocrx_word' id='word_1_36' title='bbox 1187 668 1242 709; x_wconf 92' lang='lat' dir='ltr'>ab</span> <span class='ocrx_word' id='word_1_37' title='bbox 1259 667 1499 710; x_wconf 85' lang='lat' dir='ltr'>alexandro</span> <span class='ocrx_word' id='word_1_38' title='bbox 1517 667 1746 722; x_wconf 87' lang='lat' dir='ltr'>petkarine</span> <span class='ocrx_word' id='word_1_39' title='bbox 1765 668 1945 711; x_wconf 90' lang='lat' dir='ltr'>domino</span> <span class='ocrx_word' id='word_1_40' title='bbox 1963 669 2016 712; x_wconf 92' lang='lat' dir='ltr'>de</span> <span class='ocrx_word' id='word_1_41' title='bbox 2034 669 2257 713; x_wconf 91' lang='lat' dir='ltr'>mondinis</span> 
     </span>
     <span class='ocr_line' id='line_1_6' title="bbox 452 737 2256 794; baseline 0.002 -14"><span class='ocrx_word' id='word_1_42' title='bbox 452 746 611 793; x_wconf 90' lang='lat' dir='ltr'>nepote</span> <span class='ocrx_word' id='word_1_43' title='bbox 638 737 742 780; x_wconf 87' lang='lat' dir='ltr'>dicti</span> <span class='ocrx_word' id='word_1_44' title='bbox 776 737 1001 780; x_wconf 82' lang='lat' dir='ltr'>alexandri</span> <span class='ocrx_word' id='word_1_45' title='bbox 1032 739 1087 780; x_wconf 91' lang='lat' dir='ltr'>ad</span> <span class='ocrx_word' id='word_1_46' title='bbox 1119 737 1388 780; x_wconf 87' lang='lat' dir='ltr'>instanciam</span> <span class='ocrx_word' id='word_1_47' title='bbox 1421 737 1527 793; x_wconf 93' lang='lat' dir='ltr'>dictj</span> <span class='ocrx_word' id='word_1_48' title='bbox 1567 738 1768 794; x_wconf 89' lang='lat' dir='ltr'>magistrj</span> <span class='ocrx_word' id='word_1_49' title='bbox 1806 739 2021 783; x_wconf 85' lang='lat' dir='ltr'>Iohannis</span> <span class='ocrx_word' id='word_1_50' title='bbox 2052 739 2190 783; x_wconf 89' lang='lat' dir='ltr'>citato</span> <span class='ocrx_word' id='word_1_51' title='bbox 2219 739 2256 783; x_wconf 91' lang='lat' dir='ltr'>si</span> 
     </span>
     <span class='ocr_line' id='line_1_7' title="bbox 451 806 2256 866; baseline 0.002 -18"><span class='ocrx_word' id='word_1_52' title='bbox 451 808 555 849; x_wconf 79' lang='lat' dir='ltr'>velit</span> <span class='ocrx_word' id='word_1_53' title='bbox 589 807 753 861; x_wconf 91' lang='lat' dir='ltr'>aliquid</span> <span class='ocrx_word' id='word_1_54' title='bbox 787 821 1009 862; x_wconf 89' lang='lat' dir='ltr'>apponere</span> <span class='ocrx_word' id='word_1_55' title='bbox 1042 813 1117 849; x_wconf 89' lang='lat' dir='ltr'>aut</span> <span class='ocrx_word' id='word_1_56' title='bbox 1145 806 1290 850; x_wconf 86' lang='lat' dir='ltr'>dicere</span> <span class='ocrx_word' id='word_1_57' title='bbox 1320 813 1474 850; x_wconf 92' lang='lat' dir='ltr'>contra</span> <span class='ocrx_word' id='word_1_58' title='bbox 1507 807 1673 851; x_wconf 91' lang='lat' dir='ltr'>dictam</span> <span class='ocrx_word' id='word_1_59' title='bbox 1707 815 1877 851; x_wconf 90' lang='lat' dir='ltr'>cartam</span> <span class='ocrx_word' id='word_1_60' title='bbox 1910 809 1998 866; x_wconf 84' lang='lat' dir='ltr'>Qui</span> <span class='ocrx_word' id='word_1_61' title='bbox 2029 809 2256 865; x_wconf 87' lang='lat' dir='ltr'>respondit</span> 
     </span>
     <span class='ocr_line' id='line_1_8' title="bbox 452 876 2257 935; baseline 0.001 -15"><span class='ocrx_word' id='word_1_62' title='bbox 452 879 567 932; x_wconf 90' lang='lat' dir='ltr'>quod</span> <span class='ocrx_word' id='word_1_63' title='bbox 600 891 688 920; x_wconf 91' lang='lat' dir='ltr'>non</span> <span class='ocrx_word' id='word_1_64' title='bbox 721 876 824 932; x_wconf 89' lang='lat' dir='ltr'>quia</span> <span class='ocrx_word' id='word_1_65' title='bbox 856 879 967 920; x_wconf 91' lang='lat' dir='ltr'>bene</span> <span class='ocrx_word' id='word_1_66' title='bbox 998 877 1256 933; x_wconf 86' lang='lat' dir='ltr'>recognouit</span> <span class='ocrx_word' id='word_1_67' title='bbox 1289 877 1456 921; x_wconf 91' lang='lat' dir='ltr'>dictam</span> <span class='ocrx_word' id='word_1_68' title='bbox 1489 885 1658 922; x_wconf 91' lang='lat' dir='ltr'>cartam</span> <span class='ocrx_word' id='word_1_69' title='bbox 1689 878 1930 935; x_wconf 87' lang='lat' dir='ltr'>sigillatam</span> <span class='ocrx_word' id='word_1_70' title='bbox 1963 879 2109 935; x_wconf 90' lang='lat' dir='ltr'>sigillo</span> <span class='ocrx_word' id='word_1_71' title='bbox 2141 879 2257 922; x_wconf 87' lang='lat' dir='ltr'>alex-</span> 
     </span>
     <span class='ocr_line' id='line_1_9' title="bbox 451 946 2256 1006; baseline 0.002 -17"><span class='ocrx_word' id='word_1_72' title='bbox 451 946 575 989; x_wconf 87' lang='lat' dir='ltr'>andri</span> <span class='ocrx_word' id='word_1_73' title='bbox 609 946 838 1002; x_wconf 89' lang='lat' dir='ltr'>petkarine</span> <span class='ocrx_word' id='word_1_74' title='bbox 860 948 931 1002; x_wconf 92' lang='lat' dir='ltr'>auj</span> <span class='ocrx_word' id='word_1_75' title='bbox 957 947 1023 1003; x_wconf 88' lang='lat' dir='ltr'>suj</span> <span class='ocrx_word' id='word_1_76' title='bbox 1048 949 1112 990; x_wconf 92' lang='lat' dir='ltr'>Ac</span> <span class='ocrx_word' id='word_1_77' title='bbox 1135 947 1178 990; x_wconf 91' lang='lat' dir='ltr'>in</span> <span class='ocrx_word' id='word_1_78' title='bbox 1202 947 1390 1003; x_wconf 87' lang='lat' dir='ltr'>singulis</span> <span class='ocrx_word' id='word_1_79' title='bbox 1419 949 1597 1004; x_wconf 90' lang='lat' dir='ltr'>punctis</span> <span class='ocrx_word' id='word_1_80' title='bbox 1619 963 1718 992; x_wconf 89' lang='lat' dir='ltr'>eam</span> <span class='ocrx_word' id='word_1_81' title='bbox 1749 949 2009 993; x_wconf 90' lang='lat' dir='ltr'>Ratificauit</span> <span class='ocrx_word' id='word_1_82' title='bbox 2031 956 2074 992; x_wconf 88' lang='lat' dir='ltr'>et</span> <span class='ocrx_word' id='word_1_83' title='bbox 2101 964 2256 1006; x_wconf 89' lang='lat' dir='ltr'>appro-</span> 
     </span>
     <span class='ocr_line' id='line_1_10' title="bbox 452 1015 2255 1072; baseline 0.002 -13"><span class='ocrx_word' id='word_1_84' title='bbox 452 1015 573 1059; x_wconf 90' lang='lat' dir='ltr'>bauit</span> <span class='ocrx_word' id='word_1_85' title='bbox 605 1017 790 1059; x_wconf 87' lang='lat' dir='ltr'>Necnon</span> <span class='ocrx_word' id='word_1_86' title='bbox 823 1017 876 1059; x_wconf 92' lang='lat' dir='ltr'>de</span> <span class='ocrx_word' id='word_1_87' title='bbox 907 1023 1054 1060; x_wconf 90' lang='lat' dir='ltr'>cetero</span> <span class='ocrx_word' id='word_1_88' title='bbox 1086 1016 1288 1072; x_wconf 89' lang='lat' dir='ltr'>promisit</span> <span class='ocrx_word' id='word_1_89' title='bbox 1322 1017 1493 1060; x_wconf 88' lang='lat' dir='ltr'>soluere</span> <span class='ocrx_word' id='word_1_90' title='bbox 1526 1017 1694 1061; x_wconf 86' lang='lat' dir='ltr'>dictum</span> <span class='ocrx_word' id='word_1_91' title='bbox 1728 1033 1926 1062; x_wconf 90' lang='lat' dir='ltr'>annuum</span> <span class='ocrx_word' id='word_1_92' title='bbox 1959 1018 2180 1062; x_wconf 83' lang='lat' dir='ltr'>redditum</span> <span class='ocrx_word' id='word_1_93' title='bbox 2211 1018 2255 1061; x_wconf 92' lang='lat' dir='ltr'>in</span> 
     </span>
     <span class='ocr_line' id='line_1_11' title="bbox 450 1087 2257 1144; baseline 0.001 -15"><span class='ocrx_word' id='word_1_94' title='bbox 450 1088 604 1129; x_wconf 90' lang='lat' dir='ltr'>eadem</span> <span class='ocrx_word' id='word_1_95' title='bbox 628 1093 751 1130; x_wconf 92' lang='lat' dir='ltr'>carta</span> <span class='ocrx_word' id='word_1_96' title='bbox 773 1094 1034 1130; x_wconf 89' lang='lat' dir='ltr'>contentum</span> <span class='ocrx_word' id='word_1_97' title='bbox 1067 1087 1237 1142; x_wconf 90' lang='lat' dir='ltr'>prefato</span> <span class='ocrx_word' id='word_1_98' title='bbox 1269 1087 1484 1143; x_wconf 90' lang='lat' dir='ltr'>magistro</span> <span class='ocrx_word' id='word_1_99' title='bbox 1515 1088 1704 1144; x_wconf 91' lang='lat' dir='ltr'>Iohannj</span> <span class='ocrx_word' id='word_1_100' title='bbox 1735 1095 1778 1131; x_wconf 92' lang='lat' dir='ltr'>et</span> <span class='ocrx_word' id='word_1_101' title='bbox 1805 1088 1898 1132; x_wconf 90' lang='lat' dir='ltr'>suis</span> <span class='ocrx_word' id='word_1_102' title='bbox 1924 1087 2257 1132; x_wconf 88' lang='lat' dir='ltr'>successoribus</span> 
     </span>
     <span class='ocr_line' id='line_1_12' title="bbox 452 1156 2254 1214; baseline 0.002 -16"><span class='ocrx_word' id='word_1_103' title='bbox 452 1156 678 1212; x_wconf 87' lang='lat' dir='ltr'>magistris</span> <span class='ocrx_word' id='word_1_104' title='bbox 709 1164 752 1199; x_wconf 91' lang='lat' dir='ltr'>et</span> <span class='ocrx_word' id='word_1_105' title='bbox 786 1157 1030 1212; x_wconf 88' lang='lat' dir='ltr'>capellanis</span> <span class='ocrx_word' id='word_1_106' title='bbox 1062 1158 1168 1200; x_wconf 91' lang='lat' dir='ltr'>dicti</span> <span class='ocrx_word' id='word_1_107' title='bbox 1206 1158 1441 1214; x_wconf 89' lang='lat' dir='ltr'>hospitalis</span> <span class='ocrx_word' id='word_1_108' title='bbox 1475 1160 1605 1203; x_wconf 86' lang='lat' dir='ltr'>quta</span> <span class='ocrx_word' id='word_1_109' title='bbox 1636 1159 1726 1202; x_wconf 91' lang='lat' dir='ltr'>vim</span> <span class='ocrx_word' id='word_1_110' title='bbox 1757 1160 1946 1203; x_wconf 90' lang='lat' dir='ltr'>formam</span> <span class='ocrx_word' id='word_1_111' title='bbox 1978 1166 2021 1203; x_wconf 91' lang='lat' dir='ltr'>et</span> <span class='ocrx_word' id='word_1_112' title='bbox 2053 1166 2254 1203; x_wconf 89' lang='lat' dir='ltr'>tenorem</span> 
     </span>
     <span class='ocr_line' id='line_1_13' title="bbox 450 1227 2255 1285; baseline 0.001 -16"><span class='ocrx_word' id='word_1_113' title='bbox 450 1234 570 1270; x_wconf 90' lang='lat' dir='ltr'>carte</span> <span class='ocrx_word' id='word_1_114' title='bbox 607 1227 969 1271; x_wconf 87' lang='lat' dir='ltr'>mortificacionis</span> <span class='ocrx_word' id='word_1_115' title='bbox 1007 1228 1212 1284; x_wconf 90' lang='lat' dir='ltr'>Supremj</span> <span class='ocrx_word' id='word_1_116' title='bbox 1251 1229 1418 1271; x_wconf 91' lang='lat' dir='ltr'>domini</span> <span class='ocrx_word' id='word_1_117' title='bbox 1461 1229 1600 1272; x_wconf 79' lang='lat' dir='ltr'>nostri</span> <span class='ocrx_word' id='word_1_118' title='bbox 1636 1230 1752 1285; x_wconf 90' lang='lat' dir='ltr'>regis</span> <span class='ocrx_word' id='word_1_119' title='bbox 1789 1231 1842 1273; x_wconf 91' lang='lat' dir='ltr'>de</span> <span class='ocrx_word' id='word_1_120' title='bbox 1879 1237 1921 1273; x_wconf 92' lang='lat' dir='ltr'>et</span> <span class='ocrx_word' id='word_1_121' title='bbox 1964 1245 2096 1285; x_wconf 89' lang='lat' dir='ltr'>super</span> <span class='ocrx_word' id='word_1_122' title='bbox 2135 1229 2255 1272; x_wconf 88' lang='lat' dir='ltr'>dicto</span> 
     </span>
     <span class='ocr_line' id='line_1_14' title="bbox 450 1297 2256 1356; baseline 0.001 -17"><span class='ocrx_word' id='word_1_123' title='bbox 450 1311 598 1340; x_wconf 92' lang='lat' dir='ltr'>annuo</span> <span class='ocrx_word' id='word_1_124' title='bbox 620 1297 795 1340; x_wconf 90' lang='lat' dir='ltr'>redditu</span> <span class='ocrx_word' id='word_1_125' title='bbox 821 1313 897 1340; x_wconf 83' lang='lat' dir='ltr'>sex</span> <span class='ocrx_word' id='word_1_126' title='bbox 929 1312 1177 1341; x_wconf 91' lang='lat' dir='ltr'>mercarum</span> <span class='ocrx_word' id='word_1_127' title='bbox 1210 1299 1329 1342; x_wconf 87' lang='lat' dir='ltr'>dicto</span> <span class='ocrx_word' id='word_1_128' title='bbox 1362 1300 1572 1355; x_wconf 90' lang='lat' dir='ltr'>hospitali</span> <span class='ocrx_word' id='word_1_129' title='bbox 1605 1301 1854 1356; x_wconf 79' lang='lat' dir='ltr'>pertinente</span> <span class='ocrx_word' id='word_1_130' title='bbox 1876 1307 1983 1344; x_wconf 89' lang='lat' dir='ltr'>tunc</span> <span class='ocrx_word' id='word_1_131' title='bbox 2007 1302 2060 1343; x_wconf 93' lang='lat' dir='ltr'>In</span> <span class='ocrx_word' id='word_1_132' title='bbox 2085 1298 2256 1343; x_wconf 90' lang='lat' dir='ltr'>Iudicio</span> 
     </span>
     <span class='ocr_line' id='line_1_15' title="bbox 449 1366 2255 1427; baseline 0.002 -19"><span class='ocrx_word' id='word_1_133' title='bbox 449 1381 526 1421; x_wconf 92' lang='lat' dir='ltr'>per</span> <span class='ocrx_word' id='word_1_134' title='bbox 547 1366 716 1409; x_wconf 90' lang='lat' dir='ltr'>dictum</span> <span class='ocrx_word' id='word_1_135' title='bbox 735 1367 998 1423; x_wconf 89' lang='lat' dir='ltr'>magistrum</span> <span class='ocrx_word' id='word_1_136' title='bbox 1019 1369 1266 1412; x_wconf 88' lang='lat' dir='ltr'>Iohannem</span> <span class='ocrx_word' id='word_1_137' title='bbox 1290 1371 1371 1413; x_wconf 92' lang='lat' dir='ltr'>sub</span> <span class='ocrx_word' id='word_1_138' title='bbox 1395 1385 1558 1425; x_wconf 88' lang='lat' dir='ltr'>magno</span> <span class='ocrx_word' id='word_1_139' title='bbox 1580 1370 1726 1426; x_wconf 88' lang='lat' dir='ltr'>sigillo</span> <span class='ocrx_word' id='word_1_140' title='bbox 1744 1371 1850 1414; x_wconf 90' lang='lat' dir='ltr'>dicti</span> <span class='ocrx_word' id='word_1_141' title='bbox 1873 1371 2066 1427; x_wconf 90' lang='lat' dir='ltr'>supremj</span> <span class='ocrx_word' id='word_1_142' title='bbox 2086 1368 2255 1414; x_wconf 92' lang='lat' dir='ltr'>domini</span> 
     </span>
     <span class='ocr_line' id='line_1_16' title="bbox 449 1435 2254 1495; baseline 0.002 -18"><span class='ocrx_word' id='word_1_143' title='bbox 449 1435 587 1478; x_wconf 86' lang='lat' dir='ltr'>nostri</span> <span class='ocrx_word' id='word_1_144' title='bbox 605 1436 721 1492; x_wconf 89' lang='lat' dir='ltr'>regis</span> <span class='ocrx_word' id='word_1_145' title='bbox 743 1438 1008 1491; x_wconf 90' lang='lat' dir='ltr'>productum</span> <span class='ocrx_word' id='word_1_146' title='bbox 1033 1439 1222 1493; x_wconf 90' lang='lat' dir='ltr'>Insuper</span> <span class='ocrx_word' id='word_1_147' title='bbox 1240 1440 1364 1481; x_wconf 91' lang='lat' dir='ltr'>Idem</span> <span class='ocrx_word' id='word_1_148' title='bbox 1383 1439 1622 1482; x_wconf 84' lang='lat' dir='ltr'>alexander</span> <span class='ocrx_word' id='word_1_149' title='bbox 1642 1440 1686 1482; x_wconf 90' lang='lat' dir='ltr'>in</span> <span class='ocrx_word' id='word_1_150' title='bbox 1704 1440 1934 1495; x_wconf 89' lang='lat' dir='ltr'>presencia</span> <span class='ocrx_word' id='word_1_151' title='bbox 1958 1439 2125 1483; x_wconf 90' lang='lat' dir='ltr'>Iudicis</span> <span class='ocrx_word' id='word_1_152' title='bbox 2145 1439 2254 1482; x_wconf 89' lang='lat' dir='ltr'>fate-</span> 
     </span>
     <span class='ocr_line' id='line_1_17' title="bbox 449 1507 2254 1564; baseline 0.002 -16"><span class='ocrx_word' id='word_1_153' title='bbox 449 1507 579 1548; x_wconf 80' lang='lat' dir='ltr'>batur</span> <span class='ocrx_word' id='word_1_154' title='bbox 609 1520 656 1548; x_wconf 90' lang='lat' dir='ltr'>se</span> <span class='ocrx_word' id='word_1_155' title='bbox 688 1507 846 1550; x_wconf 89' lang='lat' dir='ltr'>debere</span> <span class='ocrx_word' id='word_1_156' title='bbox 877 1507 1075 1562; x_wconf 90' lang='lat' dir='ltr'>predicto</span> <span class='ocrx_word' id='word_1_157' title='bbox 1108 1507 1323 1563; x_wconf 91' lang='lat' dir='ltr'>magistro</span> <span class='ocrx_word' id='word_1_158' title='bbox 1353 1509 1542 1564; x_wconf 90' lang='lat' dir='ltr'>Iohannj</span> <span class='ocrx_word' id='word_1_159' title='bbox 1577 1510 1630 1552; x_wconf 90' lang='lat' dir='ltr'>de</span> <span class='ocrx_word' id='word_1_160' title='bbox 1662 1509 1864 1552; x_wconf 87' lang='lat' dir='ltr'>terminis</span> <span class='ocrx_word' id='word_1_161' title='bbox 1895 1508 2118 1564; x_wconf 86' lang='lat' dir='ltr'>preteritis</span> <span class='ocrx_word' id='word_1_162' title='bbox 2146 1509 2254 1553; x_wconf 89' lang='lat' dir='ltr'>dicti</span> 
     </span>
     <span class='ocr_line' id='line_1_18' title="bbox 449 1576 2252 1636; baseline 0.002 -17"><span class='ocrx_word' id='word_1_163' title='bbox 449 1576 584 1631; x_wconf 89' lang='lat' dir='ltr'>annuj</span> <span class='ocrx_word' id='word_1_164' title='bbox 604 1576 802 1619; x_wconf 88' lang='lat' dir='ltr'>redditus</span> <span class='ocrx_word' id='word_1_165' title='bbox 820 1577 1143 1633; x_wconf 89' lang='lat' dir='ltr'>quinquaginta</span> <span class='ocrx_word' id='word_1_166' title='bbox 1165 1580 1276 1621; x_wconf 91' lang='lat' dir='ltr'>duos</span> <span class='ocrx_word' id='word_1_167' title='bbox 1298 1579 1464 1622; x_wconf 89' lang='lat' dir='ltr'>solidos</span> <span class='ocrx_word' id='word_1_168' title='bbox 1486 1585 1665 1622; x_wconf 91' lang='lat' dir='ltr'>monete</span> <span class='ocrx_word' id='word_1_169' title='bbox 1687 1579 1832 1622; x_wconf 90' lang='lat' dir='ltr'>scocie</span> <span class='ocrx_word' id='word_1_170' title='bbox 1855 1581 2001 1636; x_wconf 83' lang='lat' dir='ltr'>Quam</span> <span class='ocrx_word' id='word_1_171' title='bbox 2029 1594 2252 1623; x_wconf 87' lang='lat' dir='ltr'>summam</span> 
     </span>
     <span class='ocr_line' id='line_1_19' title="bbox 448 1647 2254 1704; baseline 0.002 -15"><span class='ocrx_word' id='word_1_172' title='bbox 448 1647 617 1702; x_wconf 86' lang='lat' dir='ltr'>prefato</span> <span class='ocrx_word' id='word_1_173' title='bbox 640 1647 854 1703; x_wconf 91' lang='lat' dir='ltr'>magistro</span> <span class='ocrx_word' id='word_1_174' title='bbox 878 1649 1067 1704; x_wconf 90' lang='lat' dir='ltr'>Iohannj</span> <span class='ocrx_word' id='word_1_175' title='bbox 1092 1649 1264 1692; x_wconf 91' lang='lat' dir='ltr'>soluere</span> <span class='ocrx_word' id='word_1_176' title='bbox 1285 1664 1337 1693; x_wconf 90' lang='lat' dir='ltr'>ac</span> <span class='ocrx_word' id='word_1_177' title='bbox 1360 1649 1443 1693; x_wconf 91' lang='lat' dir='ltr'>sibi</span> <span class='ocrx_word' id='word_1_178' title='bbox 1460 1649 1505 1692; x_wconf 92' lang='lat' dir='ltr'>in</span> <span class='ocrx_word' id='word_1_179' title='bbox 1524 1649 1745 1693; x_wconf 89' lang='lat' dir='ltr'>solutione</span> <span class='ocrx_word' id='word_1_180' title='bbox 1766 1649 1873 1693; x_wconf 92' lang='lat' dir='ltr'>dicti</span> <span class='ocrx_word' id='word_1_181' title='bbox 1895 1649 2030 1704; x_wconf 90' lang='lat' dir='ltr'>annuj</span> <span class='ocrx_word' id='word_1_182' title='bbox 2055 1649 2254 1693; x_wconf 88' lang='lat' dir='ltr'>redditus</span> 
     </span>
     <span class='ocr_line' id='line_1_20' title="bbox 448 1717 2252 1775; baseline 0.001 -15"><span class='ocrx_word' id='word_1_183' title='bbox 448 1719 504 1760; x_wconf 88' lang='lat' dir='ltr'>ad</span> <span class='ocrx_word' id='word_1_184' title='bbox 526 1717 741 1760; x_wconf 90' lang='lat' dir='ltr'>terminos</span> <span class='ocrx_word' id='word_1_185' title='bbox 762 1717 806 1759; x_wconf 91' lang='lat' dir='ltr'>in</span> <span class='ocrx_word' id='word_1_186' title='bbox 826 1724 949 1761; x_wconf 90' lang='lat' dir='ltr'>carta</span> <span class='ocrx_word' id='word_1_187' title='bbox 972 1718 1274 1774; x_wconf 88' lang='lat' dir='ltr'>suprascripta</span> <span class='ocrx_word' id='word_1_188' title='bbox 1296 1726 1532 1763; x_wconf 90' lang='lat' dir='ltr'>contentos</span> <span class='ocrx_word' id='word_1_189' title='bbox 1553 1734 1706 1775; x_wconf 90' lang='lat' dir='ltr'>parere</span> <span class='ocrx_word' id='word_1_190' title='bbox 1728 1719 1774 1762; x_wconf 91' lang='lat' dir='ltr'>in</span> <span class='ocrx_word' id='word_1_191' title='bbox 1795 1719 1955 1762; x_wconf 89' lang='lat' dir='ltr'>futuris</span> <span class='ocrx_word' id='word_1_192' title='bbox 1977 1719 2252 1774; x_wconf 83' lang='lat' dir='ltr'>temporibus</span> 
     </span>
     <span class='ocr_line' id='line_1_21' title="bbox 448 1787 2253 1844; baseline 0 -14"><span class='ocrx_word' id='word_1_193' title='bbox 448 1787 625 1830; x_wconf 92' lang='lat' dir='ltr'>obedire</span> <span class='ocrx_word' id='word_1_194' title='bbox 649 1788 773 1830; x_wconf 90' lang='lat' dir='ltr'>Idem</span> <span class='ocrx_word' id='word_1_195' title='bbox 797 1787 1004 1831; x_wconf 89' lang='lat' dir='ltr'>dominus</span> <span class='ocrx_word' id='word_1_196' title='bbox 1028 1790 1166 1831; x_wconf 87' lang='lat' dir='ltr'>Iudex</span> <span class='ocrx_word' id='word_1_197' title='bbox 1188 1788 1356 1832; x_wconf 90' lang='lat' dir='ltr'>dictum</span> <span class='ocrx_word' id='word_1_198' title='bbox 1379 1790 1681 1832; x_wconf 87' lang='lat' dir='ltr'>Alexandrum</span> <span class='ocrx_word' id='word_1_199' title='bbox 1704 1790 1786 1832; x_wconf 91' lang='lat' dir='ltr'>sub</span> <span class='ocrx_word' id='word_1_200' title='bbox 1812 1803 1927 1844; x_wconf 91' lang='lat' dir='ltr'>pena</span> <span class='ocrx_word' id='word_1_201' title='bbox 1952 1788 2253 1832; x_wconf 88' lang='lat' dir='ltr'>excommuni-</span> 
     </span>
     <span class='ocr_line' id='line_1_22' title="bbox 448 1856 2253 1915; baseline 0.001 -15"><span class='ocrx_word' id='word_1_202' title='bbox 448 1856 638 1900; x_wconf 89' lang='lat' dir='ltr'>cationis</span> <span class='ocrx_word' id='word_1_203' title='bbox 670 1857 842 1900; x_wconf 87' lang='lat' dir='ltr'>monuit</span> <span class='ocrx_word' id='word_1_204' title='bbox 875 1865 918 1900; x_wconf 88' lang='lat' dir='ltr'>et</span> <span class='ocrx_word' id='word_1_205' title='bbox 950 1859 1145 1914; x_wconf 88' lang='lat' dir='ltr'>precepit</span> <span class='ocrx_word' id='word_1_206' title='bbox 1179 1860 1322 1915; x_wconf 90' lang='lat' dir='ltr'>Super</span> <span class='ocrx_word' id='word_1_207' title='bbox 1352 1859 1512 1915; x_wconf 91' lang='lat' dir='ltr'>quibus</span> <span class='ocrx_word' id='word_1_208' title='bbox 1541 1859 1749 1904; x_wconf 86' lang='lat' dir='ltr'>omnibus</span> <span class='ocrx_word' id='word_1_209' title='bbox 1770 1865 1813 1902; x_wconf 87' lang='lat' dir='ltr'>et</span> <span class='ocrx_word' id='word_1_210' title='bbox 1837 1858 2024 1915; x_wconf 87' lang='lat' dir='ltr'>singulis</span> <span class='ocrx_word' id='word_1_211' title='bbox 2055 1858 2253 1914; x_wconf 88' lang='lat' dir='ltr'>prefatus</span> 
     </span>
     <span class='ocr_line' id='line_1_23' title="bbox 449 1926 2251 1986; baseline 0.003 -18"><span class='ocrx_word' id='word_1_212' title='bbox 449 1926 662 1982; x_wconf 89' lang='lat' dir='ltr'>magister</span> <span class='ocrx_word' id='word_1_213' title='bbox 695 1927 920 1971; x_wconf 88' lang='lat' dir='ltr'>Iohannes</span> <span class='ocrx_word' id='word_1_214' title='bbox 952 1943 978 1972; x_wconf 95' lang='lat' dir='ltr'>a</span> <span class='ocrx_word' id='word_1_215' title='bbox 1009 1943 1080 1971; x_wconf 92' lang='lat' dir='ltr'>me</span> <span class='ocrx_word' id='word_1_216' title='bbox 1111 1929 1284 1972; x_wconf 87' lang='lat' dir='ltr'>notario</span> <span class='ocrx_word' id='word_1_217' title='bbox 1313 1930 1490 1985; x_wconf 91' lang='lat' dir='ltr'>publico</span> <span class='ocrx_word' id='word_1_218' title='bbox 1523 1930 1773 1986; x_wconf 87' lang='lat' dir='ltr'>subscripto</span> <span class='ocrx_word' id='word_1_219' title='bbox 1802 1929 1885 1973; x_wconf 92' lang='lat' dir='ltr'>sibi</span> <span class='ocrx_word' id='word_1_220' title='bbox 1907 1929 1999 1984; x_wconf 90' lang='lat' dir='ltr'>fierj</span> <span class='ocrx_word' id='word_1_221' title='bbox 2024 1928 2251 1984; x_wconf 90' lang='lat' dir='ltr'>publicum</span> 
     </span>
     <span class='ocr_line' id='line_1_24' title="bbox 450 1998 2252 2056; baseline 0.001 -17"><span class='ocrx_word' id='word_1_222' title='bbox 450 1998 805 2040; x_wconf 88' lang='lat' dir='ltr'>Instrumentum</span> <span class='ocrx_word' id='word_1_223' title='bbox 837 1999 952 2042; x_wconf 88' lang='lat' dir='ltr'>Acta</span> <span class='ocrx_word' id='word_1_224' title='bbox 984 2006 1110 2042; x_wconf 89' lang='lat' dir='ltr'>erant</span> <span class='ocrx_word' id='word_1_225' title='bbox 1142 2000 1224 2043; x_wconf 89' lang='lat' dir='ltr'>hec</span> <span class='ocrx_word' id='word_1_226' title='bbox 1256 2000 1301 2042; x_wconf 93' lang='lat' dir='ltr'>in</span> <span class='ocrx_word' id='word_1_227' title='bbox 1334 2015 1511 2044; x_wconf 89' lang='lat' dir='ltr'>camera</span> <span class='ocrx_word' id='word_1_228' title='bbox 1542 2001 1698 2056; x_wconf 90' lang='lat' dir='ltr'>prefatj</span> <span class='ocrx_word' id='word_1_229' title='bbox 1733 1999 1901 2044; x_wconf 92' lang='lat' dir='ltr'>domini</span> <span class='ocrx_word' id='word_1_230' title='bbox 1937 1998 2105 2042; x_wconf 91' lang='lat' dir='ltr'>Iudicis</span> <span class='ocrx_word' id='word_1_231' title='bbox 2139 1998 2252 2042; x_wconf 86' lang='lat' dir='ltr'>infra</span> 
     </span>
     <span class='ocr_line' id='line_1_25' title="bbox 448 2068 2251 2126; baseline 0 -15"><span class='ocrx_word' id='word_1_232' title='bbox 448 2068 636 2123; x_wconf 88' lang='lat' dir='ltr'>burgum</span> <span class='ocrx_word' id='word_1_233' title='bbox 654 2069 707 2110; x_wconf 90' lang='lat' dir='ltr'>de</span> <span class='ocrx_word' id='word_1_234' title='bbox 724 2068 970 2124; x_wconf 89' lang='lat' dir='ltr'>edinburgh</span> <span class='ocrx_word' id='word_1_235' title='bbox 989 2071 1070 2113; x_wconf 87' lang='lat' dir='ltr'>sub</span> <span class='ocrx_word' id='word_1_236' title='bbox 1087 2085 1205 2114; x_wconf 89' lang='lat' dir='ltr'>anno</span> <span class='ocrx_word' id='word_1_237' title='bbox 1223 2071 1292 2113; x_wconf 94' lang='lat' dir='ltr'>die</span> <span class='ocrx_word' id='word_1_238' title='bbox 1311 2086 1464 2114; x_wconf 91' lang='lat' dir='ltr'>mense</span> <span class='ocrx_word' id='word_1_239' title='bbox 1483 2071 1734 2114; x_wconf 88' lang='lat' dir='ltr'>Indictione</span> <span class='ocrx_word' id='word_1_240' title='bbox 1752 2077 1794 2113; x_wconf 92' lang='lat' dir='ltr'>et</span> <span class='ocrx_word' id='word_1_241' title='bbox 1811 2069 2075 2126; x_wconf 87' lang='lat' dir='ltr'>pontificatu</span> <span class='ocrx_word' id='word_1_242' title='bbox 2091 2068 2251 2125; x_wconf 90' lang='lat' dir='ltr'>quibus</span> 
     </span>
     <span class='ocr_line' id='line_1_26' title="bbox 447 2138 2250 2196; baseline 0.002 -17"><span class='ocrx_word' id='word_1_243' title='bbox 447 2151 582 2192; x_wconf 85' lang='lat' dir='ltr'>supra</span> <span class='ocrx_word' id='word_1_244' title='bbox 617 2138 898 2192; x_wconf 88' lang='lat' dir='ltr'>presentibus</span> <span class='ocrx_word' id='word_1_245' title='bbox 933 2139 1097 2183; x_wconf 89' lang='lat' dir='ltr'>ibidem</span> <span class='ocrx_word' id='word_1_246' title='bbox 1133 2141 1460 2185; x_wconf 89' lang='lat' dir='ltr'>venerabilibus</span> <span class='ocrx_word' id='word_1_247' title='bbox 1495 2141 1601 2184; x_wconf 91' lang='lat' dir='ltr'>v-iris</span> <span class='ocrx_word' id='word_1_248' title='bbox 1639 2142 1802 2185; x_wconf 89' lang='lat' dir='ltr'>Iacobo</span> <span class='ocrx_word' id='word_1_249' title='bbox 1840 2141 1998 2196; x_wconf 90' lang='lat' dir='ltr'>Rynde</span> <span class='ocrx_word' id='word_1_250' title='bbox 2034 2140 2088 2182; x_wconf 90' lang='lat' dir='ltr'>de</span> <span class='ocrx_word' id='word_1_251' title='bbox 2123 2140 2250 2194; x_wconf 89' lang='lat' dir='ltr'>brop-</span> 
     </span>
     <span class='ocr_line' id='line_1_27' title="bbox 448 2208 2250 2267; baseline 0.001 -17"><span class='ocrx_word' id='word_1_252' title='bbox 448 2208 605 2251; x_wconf 91' lang='lat' dir='ltr'>mouth</span> <span class='ocrx_word' id='word_1_253' title='bbox 644 2209 915 2253; x_wconf 88' lang='lat' dir='ltr'>Archibaldo</span> <span class='ocrx_word' id='word_1_254' title='bbox 963 2212 1079 2254; x_wconf 86' lang='lat' dir='ltr'>Rate</span> <span class='ocrx_word' id='word_1_255' title='bbox 1119 2211 1300 2255; x_wconf 88' lang='lat' dir='ltr'>domino</span> <span class='ocrx_word' id='word_1_256' title='bbox 1345 2212 1501 2256; x_wconf 91' lang='lat' dir='ltr'>thoma</span> <span class='ocrx_word' id='word_1_257' title='bbox 1547 2213 1681 2267; x_wconf 90' lang='lat' dir='ltr'>mvdy</span> <span class='ocrx_word' id='word_1_258' title='bbox 1721 2211 1952 2267; x_wconf 89' lang='lat' dir='ltr'>capellano</span> <span class='ocrx_word' id='word_1_259' title='bbox 1993 2216 2036 2253; x_wconf 89' lang='lat' dir='ltr'>et</span> <span class='ocrx_word' id='word_1_260' title='bbox 2077 2209 2250 2253; x_wconf 89' lang='lat' dir='ltr'>notario</span> 
     </span>
     <span class='ocr_line' id='line_1_28' title="bbox 446 2277 1966 2338; baseline 0.002 -18"><span class='ocrx_word' id='word_1_261' title='bbox 446 2277 623 2332; x_wconf 90' lang='lat' dir='ltr'>publico</span> <span class='ocrx_word' id='word_1_262' title='bbox 644 2278 834 2323; x_wconf 88' lang='lat' dir='ltr'>testibus</span> <span class='ocrx_word' id='word_1_263' title='bbox 855 2281 911 2324; x_wconf 90' lang='lat' dir='ltr'>ad</span> <span class='ocrx_word' id='word_1_264' title='bbox 933 2281 1150 2336; x_wconf 92' lang='lat' dir='ltr'>premissa</span> <span class='ocrx_word' id='word_1_265' title='bbox 1171 2281 1343 2326; x_wconf 89' lang='lat' dir='ltr'>vocatis</span> <span class='ocrx_word' id='word_1_266' title='bbox 1364 2282 1530 2338; x_wconf 90' lang='lat' dir='ltr'>pariter</span> <span class='ocrx_word' id='word_1_267' title='bbox 1550 2289 1594 2325; x_wconf 90' lang='lat' dir='ltr'>et</span> <span class='ocrx_word' id='word_1_268' title='bbox 1615 2281 1783 2337; x_wconf 87' lang='lat' dir='ltr'>rogatis</span> <span class='ocrx_word' id='word_1_269' title='bbox 1804 2288 1874 2324; x_wconf 89' lang='lat' dir='ltr'>etc</span> <span class='ocrx_word' id='word_1_270' title='bbox 1896 2287 1966 2324; x_wconf 89' lang='lat' dir='ltr'>etc</span> 
     </span>
    </p>
   </div>
   <div class='ocr_carea' id='block_1_3' title="bbox 616 2405 2247 3026">
    <p class='ocr_par' dir='ltr' id='par_1_3' title="bbox 616 2405 2247 3026">
     <span class='ocr_line' id='line_1_29' title="bbox 619 2405 2247 2466; baseline 0 -17"><span class='ocrx_word' id='word_1_271' title='bbox 619 2407 679 2450; x_wconf 92' lang='lat' dir='ltr'>Et</span> <span class='ocrx_word' id='word_1_272' title='bbox 702 2421 783 2463; x_wconf 89' lang='lat' dir='ltr'>ego</span> <span class='ocrx_word' id='word_1_273' title='bbox 804 2407 1011 2464; x_wconf 84' lang='lat' dir='ltr'>georgius</span> <span class='ocrx_word' id='word_1_274' title='bbox 1033 2409 1159 2453; x_wconf 90' lang='lat' dir='ltr'>Cotis</span> <span class='ocrx_word' id='word_1_275' title='bbox 1180 2411 1410 2466; x_wconf 90' lang='lat' dir='ltr'>presbyter</span> <span class='ocrx_word' id='word_1_276' title='bbox 1441 2409 1752 2454; x_wconf 88' lang='lat' dir='ltr'>sanctiandree</span> <span class='ocrx_word' id='word_1_277' title='bbox 1783 2407 2011 2452; x_wconf 88' lang='lat' dir='ltr'>dioceseos</span> <span class='ocrx_word' id='word_1_278' title='bbox 2042 2405 2247 2463; x_wconf 91' lang='lat' dir='ltr'>publicus</span> 
     </span>
     <span class='ocr_line' id='line_1_30' title="bbox 617 2475 2247 2536; baseline -0.001 -16"><span class='ocrx_word' id='word_1_279' title='bbox 617 2477 883 2521; x_wconf 87' lang='lat' dir='ltr'>auctoritate</span> <span class='ocrx_word' id='word_1_280' title='bbox 912 2478 1130 2534; x_wconf 88' lang='lat' dir='ltr'>imperiali</span> <span class='ocrx_word' id='word_1_281' title='bbox 1157 2480 1357 2523; x_wconf 85' lang='lat' dir='ltr'>notarius</span> <span class='ocrx_word' id='word_1_282' title='bbox 1378 2480 1481 2536; x_wconf 91' lang='lat' dir='ltr'>quia</span> <span class='ocrx_word' id='word_1_283' title='bbox 1513 2478 1742 2536; x_wconf 91' lang='lat' dir='ltr'>premissis</span> <span class='ocrx_word' id='word_1_284' title='bbox 1763 2477 1970 2521; x_wconf 90' lang='lat' dir='ltr'>omnibus</span> <span class='ocrx_word' id='word_1_285' title='bbox 1992 2483 2035 2520; x_wconf 90' lang='lat' dir='ltr'>et</span> <span class='ocrx_word' id='word_1_286' title='bbox 2058 2475 2247 2533; x_wconf 87' lang='lat' dir='ltr'>singulis</span> 
     </span>
     <span class='ocr_line' id='line_1_31' title="bbox 616 2547 2246 2606; baseline 0 -17"><span class='ocrx_word' id='word_1_287' title='bbox 616 2548 722 2590; x_wconf 92' lang='lat' dir='ltr'>dum</span> <span class='ocrx_word' id='word_1_288' title='bbox 757 2547 819 2590; x_wconf 89' lang='lat' dir='ltr'>sic</span> <span class='ocrx_word' id='word_1_289' title='bbox 855 2556 904 2591; x_wconf 91' lang='lat' dir='ltr'>ut</span> <span class='ocrx_word' id='word_1_290' title='bbox 940 2550 1212 2604; x_wconf 88' lang='lat' dir='ltr'>premittitur</span> <span class='ocrx_word' id='word_1_291' title='bbox 1243 2551 1495 2600; x_wconf 85' lang='lat' dir='ltr'>dicerentur</span> <span class='ocrx_word' id='word_1_292' title='bbox 1525 2556 1761 2606; x_wconf 89' lang='lat' dir='ltr'>agerentur</span> <span class='ocrx_word' id='word_1_293' title='bbox 1792 2555 1835 2591; x_wconf 92' lang='lat' dir='ltr'>et</span> <span class='ocrx_word' id='word_1_294' title='bbox 1866 2548 2022 2591; x_wconf 90' lang='lat' dir='ltr'>fierent</span> <span class='ocrx_word' id='word_1_295' title='bbox 2053 2561 2246 2590; x_wconf 89' lang='lat' dir='ltr'>vnacum</span> 
     </span>
     <span class='ocr_line' id='line_1_32' title="bbox 616 2617 2246 2677; baseline 0 -17"><span class='ocrx_word' id='word_1_296' title='bbox 616 2618 939 2672; x_wconf 87' lang='lat' dir='ltr'>prenominatis</span> <span class='ocrx_word' id='word_1_297' title='bbox 974 2621 1164 2664; x_wconf 86' lang='lat' dir='ltr'>testibus</span> <span class='ocrx_word' id='word_1_298' title='bbox 1200 2636 1383 2677; x_wconf 89' lang='lat' dir='ltr'>presens</span> <span class='ocrx_word' id='word_1_299' title='bbox 1418 2621 1594 2676; x_wconf 88' lang='lat' dir='ltr'>interfuj</span> <span class='ocrx_word' id='word_1_300' title='bbox 1630 2634 1822 2663; x_wconf 88' lang='lat' dir='ltr'>vnacum</span> <span class='ocrx_word' id='word_1_301' title='bbox 1859 2618 2032 2662; x_wconf 88' lang='lat' dir='ltr'>notario</span> <span class='ocrx_word' id='word_1_302' title='bbox 2067 2617 2246 2674; x_wconf 91' lang='lat' dir='ltr'>publico</span> 
     </span>
     <span class='ocr_line' id='line_1_33' title="bbox 617 2687 2246 2747; baseline 0 -17"><span class='ocrx_word' id='word_1_303' title='bbox 617 2688 866 2744; x_wconf 90' lang='lat' dir='ltr'>subscripto</span> <span class='ocrx_word' id='word_1_304' title='bbox 907 2704 1046 2745; x_wconf 89' lang='lat' dir='ltr'>eaque</span> <span class='ocrx_word' id='word_1_305' title='bbox 1082 2691 1233 2735; x_wconf 91' lang='lat' dir='ltr'>omnia</span> <span class='ocrx_word' id='word_1_306' title='bbox 1269 2698 1312 2735; x_wconf 93' lang='lat' dir='ltr'>et</span> <span class='ocrx_word' id='word_1_307' title='bbox 1353 2691 1529 2747; x_wconf 91' lang='lat' dir='ltr'>singula</span> <span class='ocrx_word' id='word_1_308' title='bbox 1570 2690 1633 2734; x_wconf 89' lang='lat' dir='ltr'>sic</span> <span class='ocrx_word' id='word_1_309' title='bbox 1669 2690 1763 2733; x_wconf 87' lang='lat' dir='ltr'>fieri</span> <span class='ocrx_word' id='word_1_310' title='bbox 1800 2689 1886 2733; x_wconf 91' lang='lat' dir='ltr'>dici</span> <span class='ocrx_word' id='word_1_311' title='bbox 1921 2688 2011 2733; x_wconf 87' lang='lat' dir='ltr'>vidi</span> <span class='ocrx_word' id='word_1_312' title='bbox 2053 2687 2163 2743; x_wconf 89' lang='lat' dir='ltr'>sciuj</span> <span class='ocrx_word' id='word_1_313' title='bbox 2201 2693 2246 2730; x_wconf 88' lang='lat' dir='ltr'>et</span> 
     </span>
     <span class='ocr_line' id='line_1_34' title="bbox 616 2756 2245 2817; baseline -0.001 -17"><span class='ocrx_word' id='word_1_314' title='bbox 616 2758 765 2814; x_wconf 88' lang='lat' dir='ltr'>audiuj</span> <span class='ocrx_word' id='word_1_315' title='bbox 789 2759 921 2802; x_wconf 90' lang='lat' dir='ltr'>Acin</span> <span class='ocrx_word' id='word_1_316' title='bbox 953 2767 1106 2804; x_wconf 87' lang='lat' dir='ltr'>notam</span> <span class='ocrx_word' id='word_1_317' title='bbox 1139 2762 1235 2817; x_wconf 89' lang='lat' dir='ltr'>cepi</span> <span class='ocrx_word' id='word_1_318' title='bbox 1269 2763 1462 2817; x_wconf 90' lang='lat' dir='ltr'>Ideoque</span> <span class='ocrx_word' id='word_1_319' title='bbox 1493 2762 1578 2804; x_wconf 93' lang='lat' dir='ltr'>hoc</span> <span class='ocrx_word' id='word_1_320' title='bbox 1610 2774 1793 2816; x_wconf 91' lang='lat' dir='ltr'>presens</span> <span class='ocrx_word' id='word_1_321' title='bbox 1824 2758 2052 2814; x_wconf 89' lang='lat' dir='ltr'>publicum</span> <span class='ocrx_word' id='word_1_322' title='bbox 2083 2756 2245 2799; x_wconf 89' lang='lat' dir='ltr'>instru-</span> 
     </span>
     <span class='ocr_line' id='line_1_35' title="bbox 617 2827 2245 2887; baseline -0.001 -17"><span class='ocrx_word' id='word_1_323' title='bbox 617 2835 818 2872; x_wconf 91' lang='lat' dir='ltr'>mentum</span> <span class='ocrx_word' id='word_1_324' title='bbox 841 2845 977 2874; x_wconf 90' lang='lat' dir='ltr'>manu</span> <span class='ocrx_word' id='word_1_325' title='bbox 999 2831 1181 2875; x_wconf 89' lang='lat' dir='ltr'>alterius</span> <span class='ocrx_word' id='word_1_326' title='bbox 1203 2832 1392 2876; x_wconf 92' lang='lat' dir='ltr'>fideliter</span> <span class='ocrx_word' id='word_1_327' title='bbox 1419 2832 1635 2887; x_wconf 90' lang='lat' dir='ltr'>scriptum</span> <span class='ocrx_word' id='word_1_328' title='bbox 1658 2830 1814 2874; x_wconf 85' lang='lat' dir='ltr'>exinde</span> <span class='ocrx_word' id='word_1_329' title='bbox 1837 2828 2005 2884; x_wconf 85' lang='lat' dir='ltr'>confecj</span> <span class='ocrx_word' id='word_1_330' title='bbox 2030 2827 2245 2883; x_wconf 90' lang='lat' dir='ltr'>signoque</span> 
     </span>
     <span class='ocr_line' id='line_1_36' title="bbox 616 2896 2246 2958; baseline -0.001 -18"><span class='ocrx_word' id='word_1_331' title='bbox 616 2904 659 2940; x_wconf 88' lang='lat' dir='ltr'>et</span> <span class='ocrx_word' id='word_1_332' title='bbox 681 2899 860 2942; x_wconf 89' lang='lat' dir='ltr'>nomine</span> <span class='ocrx_word' id='word_1_333' title='bbox 883 2900 994 2943; x_wconf 89' lang='lat' dir='ltr'>meis</span> <span class='ocrx_word' id='word_1_334' title='bbox 1015 2901 1158 2944; x_wconf 88' lang='lat' dir='ltr'>solitis</span> <span class='ocrx_word' id='word_1_335' title='bbox 1187 2909 1230 2945; x_wconf 92' lang='lat' dir='ltr'>et</span> <span class='ocrx_word' id='word_1_336' title='bbox 1259 2902 1485 2945; x_wconf 90' lang='lat' dir='ltr'>consuetis</span> <span class='ocrx_word' id='word_1_337' title='bbox 1517 2901 1690 2958; x_wconf 88' lang='lat' dir='ltr'>signauj</span> <span class='ocrx_word' id='word_1_338' title='bbox 1721 2907 1904 2956; x_wconf 89' lang='lat' dir='ltr'>rogatus</span> <span class='ocrx_word' id='word_1_339' title='bbox 1932 2905 1975 2942; x_wconf 88' lang='lat' dir='ltr'>et</span> <span class='ocrx_word' id='word_1_340' title='bbox 2006 2896 2246 2953; x_wconf 83' lang='lat' dir='ltr'>requisitus</span> 
     </span>
     <span class='ocr_line' id='line_1_37' title="bbox 616 2967 1552 3026; baseline 0.006 -17"><span class='ocrx_word' id='word_1_341' title='bbox 616 2967 659 3009; x_wconf 86' lang='lat' dir='ltr'>in</span> <span class='ocrx_word' id='word_1_342' title='bbox 683 2968 815 3011; x_wconf 91' lang='lat' dir='ltr'>fidem</span> <span class='ocrx_word' id='word_1_343' title='bbox 839 2977 881 3012; x_wconf 88' lang='lat' dir='ltr'>et</span> <span class='ocrx_word' id='word_1_344' title='bbox 903 2971 1210 3014; x_wconf 88' lang='lat' dir='ltr'>testimonium</span> <span class='ocrx_word' id='word_1_345' title='bbox 1234 2972 1552 3026; x_wconf 90' lang='lat' dir='ltr'>premissorum</span> 
     </span>
    </p>
   </div>
   <div class='ocr_carea' id='block_1_4' title="bbox 511 2581 553 2853">
    <p class='ocr_par' dir='ltr' id='par_1_4' title="bbox 511 2581 553 2853">
     <span class='ocr_line' id='line_1_38' title="bbox 511 2581 553 2853; textangle 90"><span class='ocrx_word' id='word_1_346' title='bbox 511 2581 553 2853; x_wconf 67' lang='lat' dir='ltr'>tunqdeffiomffi</span> 
     </span>
    </p>
   </div>
  </div>
 </body>
</html>
