2524 3418
744 302 917 342 Rentale
948 301 1130 342 obituum
1162 305 1198 342 et
1227 301 1626 343 Anniuersariorum
2004 317 2085 357 223

400 415 560 459 Obitus
602 417 826 471 quondam
869 417 981 458 bone
1023 415 1236 458 memorie
1289 416 1504 459 Iohannis
1545 417 1707 459 knollis
1759 418 1991 472 burgensis
2033 420 2085 461 de

283 485 503 528 Abirdene
540 493 582 528 et
620 486 807 528 mariote
844 486 1002 540 bigone
1040 501 1201 541 sponse
1241 501 1318 528 sue
1350 487 1394 528 in
1427 493 1558 529 nocte
1590 487 1894 529 conuersionis
1931 489 2085 530 Sancti

283 554 403 609 pauli
440 569 556 596 anno
593 554 759 596 domini
802 554 1038 596 millesimo
1081 554 1518 609 quadringentesimo
1559 556 1848 610 nonagesimo
1891 558 2085 599 secundo

284 636 471 675 quorum
495 621 827 665 anniuersarius
854 622 1087 664 annuatim
1121 622 1416 665 celebrabitur
1438 625 1493 666 ad
1516 624 1657 666 altare
1681 624 1835 666 Sancti
1870 625 2085 667 Iohannis

284 690 478 744 baptiste
510 689 621 732 infra
654 689 889 732 ecclesiam
915 690 1068 732 Sancti
1100 690 1323 745 Nicholaij
1350 692 1402 733 de
1425 692 1606 734 abirden
1632 694 1683 734 In
1708 693 1839 735 modo
1870 693 2012 736 forma
2042 700 2085 736 et

284 759 442 800 effectu
484 757 856 812 subsequentibus
900 773 977 812 per
1016 758 1232 800 vicarium
1275 765 1318 801 et
1361 759 1618 814 capellanos
1664 760 1837 815 collegij
1887 761 2086 803 eiusdem

282 826 486 870 videlicet
510 825 718 879 exequias
740 826 1048 867 defunctorum
1072 826 1257 880 placebo
1280 832 1323 868 et
1346 827 1484 881 dirige
1506 827 1551 868 in
1576 828 1743 870 Sabato
1765 828 1965 883 proximo
1987 835 2087 884 post

280 893 443 935 festum
482 892 786 935 conuersionis
823 892 977 935 Sancti
1015 893 1135 947 pauli
1177 894 1463 936 celebrabunt
1501 901 1543 937 et
1582 895 1766 937 missam
1804 897 1856 938 de
1895 903 2002 940 nota
2043 897 2088 939 in

282 960 505 1003 dominica
527 960 726 1016 proxima
748 960 850 1002 inde
873 967 1086 1015 sequente
1105 975 1207 1002 cum
1230 961 1447 1016 trigintali
1470 977 1548 1017 per
1571 963 1860 1006 Ebdomitam
1884 971 1929 1007 vt
1953 965 2088 1008 moris

281 1035 348 1071 est
383 1030 572 1083 Insuper
602 1028 707 1070 dicti
739 1028 932 1070 vicarius
963 1035 1005 1070 et
1039 1028 1256 1083 capellanj
1283 1029 1480 1072 inueniet
1514 1032 1748 1074 annuatim
1781 1033 2020 1077 luminaria
2042 1034 2087 1077 in

279 1098 433 1139 eodem
481 1096 785 1147 anniuersario
825 1096 1026 1139 tabulam
1069 1097 1246 1139 solitam
1300 1112 1432 1152 super
1484 1099 1810 1143 monimentum
1856 1102 2086 1146 situabunt

279 1165 501 1219 pallioque
527 1164 700 1207 decenti
734 1165 956 1219 cooperiet
988 1179 1067 1219 pro
1101 1180 1187 1220 quo
1221 1166 1513 1209 Infeodantur
1535 1169 1588 1210 de
1609 1183 1696 1211 vno
1729 1184 1878 1212 annuo
1911 1171 2086 1215 redditu

279 1232 500 1275 sexdecim
525 1231 766 1275 solidorum
800 1239 842 1274 et
876 1239 976 1274 octo
999 1232 1282 1276 denariorum
1315 1235 1368 1276 de
1400 1235 1536 1277 fundo
1558 1242 1674 1279 terre
1696 1238 1889 1293 duncanj
1914 1239 2087 1283 talzour

278 1300 323 1342 in
354 1300 451 1343 vico
482 1301 706 1343 furcarum
738 1306 781 1342 et
814 1301 867 1342 de
898 1315 984 1342 vno
1018 1315 1166 1343 annuo
1193 1301 1367 1344 redditu
1400 1303 1696 1358 quadraginta
1728 1306 2009 1349 denariorum
2032 1309 2085 1350 de

277 1375 395 1412 terra
420 1369 634 1412 Iohannis
656 1368 855 1411 lundoris
880 1370 932 1411 In
955 1370 1110 1411 eodem
1133 1369 1230 1411 vico

394 1506 555 1549 Obitus
588 1507 812 1560 quondam
846 1507 971 1547 Bone
1009 1505 1221 1548 memorie
1253 1505 1428 1549 Thome
1461 1514 1558 1562 prat
1597 1509 1830 1564 burgensis
1867 1511 1993 1566 burgj
2033 1513 2086 1555 de

276 1575 507 1618 Aberdene
543 1574 624 1616 fuit
660 1573 817 1616 vltimo
854 1573 924 1615 die
961 1573 1129 1615 mensis
1167 1575 1443 1629 Septembris
1475 1577 1604 1618 Anno
1642 1577 1809 1619 domini
1847 1579 2085 1623 millesimo

277 1642 635 1698 quingentesimo
679 1641 817 1685 Cuius
859 1641 1192 1684 anniuersarius
1234 1643 1468 1686 annuatim
1511 1645 1808 1688 celebrabitur
1848 1649 1903 1690 ad
1946 1649 2085 1692 altare

278 1718 536 1754 sanctorum
574 1710 749 1765 georgei
792 1710 986 1752 martiris
1017 1717 1060 1752 et
1092 1710 1245 1753 thome
1277 1712 1481 1766 Apostoli
1519 1712 1632 1756 infra
1666 1714 1904 1758 ecclesiam
1941 1732 2086 1773 perro-

278 1779 468 1822 chialem
511 1778 655 1821 sancti
707 1777 916 1833 nicholaij
963 1779 1016 1821 de
1059 1778 1282 1821 Abirdene
1331 1779 1547 1823 situatum
1592 1783 1644 1823 In
1687 1784 1819 1826 modo
1861 1792 1904 1827 et
1944 1786 2087 1830 forma

277 1847 566 1903 sequentibus
611 1861 688 1902 per
738 1853 943 1889 curatum
986 1853 1028 1889 et
1071 1846 1328 1902 capellanos
1379 1848 1578 1892 eiusdem
1619 1850 1826 1895 videlicet
1878 1855 2087 1910 exequias

276 1917 585 1960 defunctorum
619 1916 803 1970 placebo
846 1922 888 1957 et
931 1914 1070 1970 dirige
1112 1915 1157 1957 in
1202 1917 1358 1959 sabato
1394 1918 1596 1972 proximo
1640 1921 1749 1963 Inde
1792 1929 2006 1977 sequente
2043 1931 2086 1967 et

277 1985 462 2028 missam
500 1986 552 2027 de
590 1985 711 2026 Nota
748 1984 792 2026 in
830 1984 1031 2038 proxima
1065 1984 1289 2028 dominica
1328 2000 1429 2028 curn
1465 1986 1683 2042 trigintali
1727 1989 1966 2034 missarum
2008 2008 2086 2048 per

277 2054 567 2098 Ebdomitam
592 2060 640 2096 ut
663 2052 800 2095 moris
823 2060 888 2095 est
912 2053 1145 2096 annuatim
1170 2055 1279 2096 Inde
1298 2061 1479 2098 curatus
1497 2063 1539 2099 et
1558 2058 1776 2114 capellanj
1798 2060 2085 2106 celebrabunt

275 2139 353 2181 pro
376 2124 521 2167 salute
544 2124 692 2166 anime
715 2139 792 2166 sue
812 2125 871 2165 Et
895 2139 972 2179 pro
996 2124 1140 2166 salute
1164 2125 1369 2168 mariorie
1394 2127 1532 2170 Ratre
1556 2143 1633 2171 sue
1657 2143 1819 2184 sponse
1842 2131 1999 2186 prioris
2021 2134 2085 2177 Ac

275 2194 423 2237 anime
445 2193 691 2236 Annabelle
723 2194 924 2248 gordoun
958 2208 1120 2248 sponse
1153 2209 1231 2237 sue
1264 2196 1475 2239 moderne
1498 2204 1599 2252 post
1624 2213 1753 2241 suum
1777 2201 2010 2245 decessum
2033 2218 2084 2248 ac

275 2264 475 2306 omnium
499 2263 696 2306 fidelium
720 2263 1030 2306 defunctorum
1056 2265 1244 2320 Insuper
1266 2265 1478 2308 collector
1499 2269 1739 2311 eorundem
1772 2285 1852 2325 pro
1884 2277 2084 2327 tempore

273 2333 474 2376 tabulam
508 2348 640 2388 super
672 2333 999 2376 monimentum
1035 2349 1165 2378 suum
1199 2335 1383 2379 situabit
1417 2339 1605 2380 eandem
1639 2340 1774 2394 pallio
1806 2342 1981 2384 decenti
2014 2357 2084 2385 co-

274 2403 440 2459 operiet
473 2403 740 2446 candelabra
773 2404 938 2446 locabit
971 2404 1209 2448 luminaria
1242 2406 1508 2450 sufficientia
1542 2409 1747 2452 Inueniet
1781 2411 1966 2454 sacriste
1988 2428 2083 2468 pre-

273 2474 363 2516 fate
396 2474 582 2516 ecclesie
615 2475 726 2516 duos
759 2475 924 2517 solidos
957 2476 1191 2518 annuatim
1225 2476 1369 2519 soluet
1401 2492 1479 2532 pro
1512 2479 1672 2533 quibus
1703 2480 1821 2523 trina
1842 2481 1937 2524 vice
1963 2498 2082 2526 cam-

274 2559 416 2600 panas
450 2545 795 2588 Ecclesiasticas
828 2547 883 2589 ad
916 2546 1060 2589 dictas
1091 2546 1302 2602 exequias
1338 2548 1533 2602 pulsabit
1566 2556 1608 2591 et
1641 2549 1709 2591 sik
1741 2551 1796 2593 ad
1834 2551 1996 2594 missas
2027 2554 2080 2596 de

275 2616 396 2657 Nota
418 2629 656 2670 preconem
689 2631 766 2672 per
796 2622 941 2679 totum
975 2618 1163 2672 burgum
1196 2618 1337 2673 preire
1370 2619 1572 2662 eausabit
1605 2621 1838 2663 annuatim
1863 2622 1945 2665 Cui
1969 2623 2080 2666 duos

273 2685 478 2727 denarios
509 2686 742 2729 annuatim
775 2687 998 2742 persoluet
1033 2689 1117 2730 Pro
1150 2703 1236 2743 quo
1270 2689 1379 2730 Inde
1412 2688 1696 2732 infeodantur
1726 2692 1779 2733 de
1810 2705 1896 2733 vno
1929 2706 2078 2735 annuo

274 2754 470 2797 Redditu
501 2755 657 2811 vigintj
692 2756 934 2799 solidorum
966 2759 1020 2800 de
1050 2758 1186 2800 fundo
1218 2764 1333 2800 terre
1368 2759 1518 2802 Iacobi
1556 2759 1768 2802 collisone
1800 2760 1845 2802 in
1877 2761 1974 2804 vico
2007 2776 2076 2805 su-

271 2824 441 2880 periore
482 2824 668 2869 ecclesie
709 2841 762 2869 ex
802 2827 966 2883 borealj
1010 2834 1136 2883 parte
1178 2828 1283 2871 dicti
1324 2828 1409 2884 vicj
1465 2830 1588 2871 Inter
1637 2836 1801 2872 terram
1851 2832 2074 2885 quondam

273 2894 487 2938 Iohannis
510 2896 678 2951 scrogis
701 2912 753 2940 ex
774 2898 978 2941 orientali
1001 2905 1043 2941 et
1059 2905 1231 2941 terram
1262 2899 1428 2954 henricj
1457 2901 1553 2942 Red
1576 2915 1628 2942 ex
1650 2900 1915 2943 occidentali
1940 2902 1999 2943 Et
2023 2903 2076 2944 de

2118 426 2241 458 Obitus
2259 437 2363 469 quon-

2117 469 2195 501 dam
2213 469 2301 502 bone

2117 514 2278 545 memorie

2119 556 2281 588 Iohannis
2294 557 2387 588 knol-

2116 599 2158 630 lis
2175 606 2207 631 et
2224 601 2365 632 mariote

2116 642 2240 684 bigone
2264 654 2388 685 sponse

2118 696 2177 717 sue

2115 1521 2171 1554 fol.
2189 1523 2229 1554 90
2243 1520 2253 1540 ยน

2116 1608 2238 1640 Obitus
2255 1619 2359 1650 quon-

2115 1651 2193 1683 dam
2211 1652 2299 1684 bone

2115 1696 2277 1728 memorie

2116 1739 2231 1772 thome
2248 1746 2323 1782 prat
