2524 3418
757 312 975 356 Fundacio
1005 312 1165 367 dominj
1195 311 1396 353 Iohannis
1420 314 1519 366 prat
1962 322 2041 352 101

239 439 316 475 aut
352 431 605 486 possidetur
636 429 730 472 sine
765 427 1077 471 Reuocacione
1106 433 1182 469 aut
1215 424 1574 469 contradiccione
1600 423 1782 478 aliquali
1804 424 1944 466 nostri
1967 431 2043 467 aut

241 504 560 545 Successorum
593 507 846 543 nostrorum
881 497 1094 540 Faciendi
1126 497 1228 539 inde
1261 495 1496 538 annuatim
1529 494 1633 548 dictj
1674 494 1888 548 magister
1915 494 2044 535 Alex-

239 573 376 614 ander
409 571 613 613 muriella
644 570 825 611 thomas
864 569 1089 610 Iohannes
1121 573 1164 608 et
1198 565 1404 620 georgius
1440 579 1592 607 eorum
1631 563 1805 606 diucius
1840 563 2044 605 viuentes

239 643 489 696 Suppremo
516 640 696 683 domino
724 645 878 681 nostro
900 638 990 692 regj
1016 636 1254 679 seruicium
1277 635 1541 690 burgagium
1565 635 1618 676 de
1641 633 1761 676 dicta
1782 639 1899 675 terra
1927 633 2044 675 debi-

236 717 333 753 tum
357 717 400 753 et
424 716 689 752 consuetum
712 715 930 762 quantum
953 706 1144 762 pertinet
1168 707 1223 748 ad
1246 706 1434 747 eandem
1457 706 1520 746 Ac
1545 704 1790 746 Reddendo
1812 703 2045 757 capellano

238 786 451 835 perpetuo
488 778 644 821 altaris
680 778 796 832 beatj
837 777 964 831 elegij
999 776 1043 817 in
1081 776 1201 818 dicta
1238 774 1427 817 ecclesia
1462 772 1637 816 fundati
1669 787 1806 814 vnum
1844 787 2043 814 annuum

239 849 483 891 Redditum
507 847 701 902 quinque
727 846 969 888 solidorum
993 852 1035 887 et
1059 859 1135 886 sex
1161 844 1444 886 denariorum
1466 845 1530 885 Ac
1552 842 1680 885 nobis
1702 848 1745 884 et
1770 841 2045 884 Successori-

238 920 321 962 bus
365 918 530 960 nostris
571 924 762 971 quatuor
803 915 1045 957 solidorum
1080 914 1250 956 vsualis
1278 919 1456 955 monete
1498 912 1643 955 scocie
1684 913 1752 954 Ad
1793 913 1905 955 duos
1938 911 2042 966 annj

236 988 453 1030 terminos
486 986 665 1029 vsuales
700 985 974 1040 penticostes
1005 984 1212 1026 videlicet
1244 990 1287 1025 et
1322 983 1474 1037 Sanctj
1514 982 1692 1037 martinj
1728 982 1772 1023 in
1804 997 1932 1037 yeme
1968 996 2046 1036 per

238 1057 419 1112 equales
459 1055 692 1111 porciones
728 1054 908 1096 nomine
946 1053 1191 1095 feodifirme
1227 1052 1426 1094 Tantum
1462 1066 1541 1106 pro
1578 1051 1699 1093 omni
1736 1051 1823 1093 alio
1856 1051 2044 1093 seruicio

237 1127 425 1182 secularj
460 1126 697 1169 exaccione
735 1140 812 1167 seu
847 1125 1069 1167 demanda
1101 1138 1188 1178 quo
1221 1124 1274 1166 de
1306 1123 1505 1178 predicta
1537 1129 1656 1164 terra
1691 1121 1908 1164 Interiore
1941 1137 2043 1164 cum

238 1197 331 1240 suis
353 1196 639 1252 pertinenciis
668 1195 921 1250 aliqualiter
949 1194 1064 1249 exigj
1099 1193 1262 1249 poterit
1295 1199 1372 1236 aut
1407 1192 1588 1247 Requirj
1623 1193 1682 1234 Et
1707 1207 1789 1234 nos
1810 1207 1913 1234 vero
1936 1192 2041 1247 dictj

237 1274 419 1311 curatus
452 1273 495 1309 et
529 1266 749 1321 capellani
783 1280 835 1308 ac
870 1266 1162 1308 Successores
1195 1263 1336 1306 nostri
1369 1269 1512 1305 totam
1550 1268 1593 1304 et
1621 1262 1842 1316 integram
1878 1268 2044 1304 terram

237 1337 492 1380 interiorem
511 1341 795 1391 prenotatam
815 1350 916 1378 cum
941 1334 1033 1377 suis
1050 1333 1338 1389 pertinenciis
1354 1332 1538 1388 prefatis
1561 1331 1775 1386 magistro
1793 1331 2044 1373 Alexandro

236 1407 436 1449 murielle
465 1405 597 1448 matri
627 1419 704 1447 sue
732 1405 886 1447 thome
912 1404 1050 1446 bisset
1080 1404 1283 1446 Iohanne
1305 1402 1443 1445 bisset
1466 1408 1508 1444 et
1531 1401 1710 1456 georgio
1732 1401 1869 1443 bisset
1893 1415 2043 1443 eorum

236 1477 410 1520 diucius
431 1476 683 1519 viventibus
705 1475 750 1517 in
768 1475 976 1518 omnibus
998 1481 1041 1518 et
1064 1489 1142 1530 per
1163 1474 1315 1516 omnia
1336 1480 1385 1516 ut
1409 1473 1677 1528 premissum
1701 1479 1767 1515 est
1791 1487 1868 1527 per
1889 1487 2045 1515 omnes

233 1554 377 1591 terras
411 1562 462 1590 ac
495 1545 803 1602 possessiones
836 1552 1015 1588 nostras
1048 1552 1204 1588 contra
1237 1559 1393 1587 omnes
1424 1543 1637 1586 mortales
1664 1543 2046 1586 varantizabimus

235 1616 592 1672 acquietabimus
613 1622 656 1659 et
688 1617 1025 1672 Imperpetuum
1053 1616 1359 1658 Defendemus
1389 1616 1442 1656 In
1471 1614 1598 1656 cuius
1629 1613 1710 1668 Rej
1735 1613 2044 1656 testimonium

235 1687 338 1730 huic
380 1686 574 1742 presentj
619 1693 741 1729 carte
782 1692 933 1729 nostre
976 1686 1184 1741 Sigillum
1220 1691 1424 1727 nostrum
1473 1698 1717 1727 commune
1752 1690 1796 1726 et
1839 1684 2045 1739 Sigillum

235 1755 509 1799 honorabilis
543 1755 624 1811 virj
662 1756 816 1798 thome
853 1755 977 1798 leslie
1012 1755 1143 1797 vnius
1179 1754 1446 1798 balliuorum
1483 1753 1588 1808 dictj
1630 1753 1755 1808 burgj
1790 1767 1841 1796 ac
1879 1753 2046 1796 datoris

235 1825 395 1868 Sasine
426 1824 682 1867 huiusmodi
704 1831 819 1867 terre
852 1831 956 1867 sunt
984 1839 1184 1880 appensa
1206 1825 1325 1879 apud
1356 1823 1577 1866 Abirdene
1600 1829 1758 1877 quarto
1787 1823 1856 1865 die
1879 1823 2046 1866 mensis

237 1895 344 1949 Maij
376 1895 506 1937 Anno
535 1894 701 1950 dominj
733 1894 972 1937 millesimo
1001 1894 1359 1950 quingentesimo
1385 1893 1523 1936 tercio
1557 1895 1720 1937 Coram
1754 1893 1974 1936 Discretis
2003 1901 2046 1936 et

233 1964 419 2008 famosis
439 1964 546 2007 viris
572 1965 787 2020 magistro
819 1965 975 2008 thoma
1004 1965 1186 2008 chamer
1216 1964 1396 2020 georgio
1418 1964 1556 2007 bisset
1584 1963 1778 2006 dominis
1799 1964 2046 2008 Wilhelmo

235 2034 518 2077 crukschank
551 2040 594 2077 et
627 2034 876 2078 Wilhelmo
910 2036 1157 2078 andersone
1191 2033 1437 2089 capellanis
1469 2033 1658 2089 patricio
1693 2034 1810 2075 Ross
1846 2034 2047 2076 Iohanne

235 2103 366 2158 paule
401 2102 603 2146 Iohanne
637 2103 724 2147 cuk
759 2105 1004 2159 sergeando
1042 2105 1102 2147 Et
1136 2103 1316 2147 domino
1352 2103 1555 2147 Iohanne
1593 2103 1838 2158 Stirueling
1873 2103 2047 2146 notario

234 2172 413 2228 publico
435 2174 499 2216 &c

1064 2326 1216 2370 LVII.

233 2419 451 2462 szdacio
487 2419 647 2476 dominj
670 2419 872 2462 Iohannis
897 2424 997 2477 prat
1028 2419 1232 2477 capellani
1257 2418 1423 2461 Altaris
1447 2422 1681 2461 sanctorum
1714 2417 1844 2460 thome
1876 2418 2048 2474 apostoli
2073 2428 2212 2462 f01.402

406 2494 443 2532 et
467 2490 632 2546 georgei
654 2490 842 2533 martiris
867 2491 915 2533 de
939 2505 1077 2534 annuo
1101 2490 1266 2533 redditu
1289 2489 1420 2532 decim
1444 2489 1670 2531 solidorum
1694 2492 1874 2543 sequente

359 2584 604 2628 MNIBUS
626 2584 743 2628 hane
760 2591 932 2628 cartam
948 2584 1110 2628 visuris
1131 2584 1200 2628 vel
1223 2582 1442 2628 audituris
1460 2582 1685 2626 Dominus
1704 2583 1929 2626 Iohannes
1946 2588 2045 2637 prat

415 2654 674 2709 capellanus
695 2655 905 2698 altarium
928 2661 1083 2698 sancte
1106 2653 1250 2698 crucis
1273 2669 1325 2697 ac
1351 2654 1584 2697 beatorum
1606 2654 1760 2696 thome
1789 2652 1979 2708 apostoli
2002 2658 2045 2694 et

235 2723 413 2780 georgei
442 2724 638 2767 martiris
666 2725 779 2769 infra
807 2726 1044 2769 ecclesiam
1077 2724 1381 2781 parochialem
1415 2724 1559 2767 sancti
1589 2723 1798 2779 nicholaij
1830 2724 1883 2765 de
1911 2723 2045 2765 Aber-

236 2797 348 2838 dene
385 2795 653 2838 situatorum
691 2797 908 2840 Eternam
942 2796 988 2840 in
1029 2795 1210 2840 domino
1251 2795 1443 2838 salutem
1482 2796 1596 2838 Cum
1634 2809 1790 2836 omnes
1827 2792 2046 2835 stabimus

236 2871 340 2908 ante
372 2865 566 2908 tribunal
599 2865 766 2908 domini
799 2865 940 2909 nostri
961 2866 1089 2909 ihesu
1113 2864 1268 2909 christi
1294 2864 1388 2908 siue
1417 2865 1582 2908 bonum
1607 2864 1701 2906 siue
1723 2863 1893 2906 malum
1915 2861 2046 2904 fuerit

235 2934 454 2989 recepturi
498 2941 627 2991 prout
666 2935 710 2979 in
747 2950 929 2996 corpore
965 2932 1189 2992 gessimus
1231 2934 1375 2990 Igitur
1410 2934 1526 2977 diem
1565 2933 1749 2977 extremi
1791 2932 1939 2988 iudicij
1977 2946 2048 2976 ex-
